2917 4784
250 389 317 454 554
572 401 603 452 s,
630 401 793 452 suescat
816 397 1019 448 rsonaartt

249 547 328 614 Noc
339 554 453 612 tamen
467 551 519 615 cst
532 546 722 630 quisquam,
739 563 857 611 sacros
872 548 933 631 qui
947 545 1050 610 laedat
1061 544 1221 608 amantes.

294 649 444 714 Scironis
459 648 572 713 media
586 649 636 712 sio
652 649 734 712 licet
747 649 796 713 ire
815 651 882 713 via.

252 751 418 835 Quisquis
431 758 557 816 amator
571 752 643 827 erit,
658 749 829 833 Scythicis
839 753 918 816 iicet
929 746 1078 815 ambulet
1091 745 1175 823 oris,

296 853 405 918 Nemo
415 853 511 931 adeo,
525 859 563 916 ut
577 857 709 928 noceat,
720 853 886 916 habmus
898 869 976 916 csse
988 849 1089 914 volet.

252 955 349 1020 Luna
363 956 529 1020 ministrat
543 955 662 1037 equis:
690 954 920 1018 demonstrant
930 958 1021 1018 astra
1036 950 1203 1016 salebras:
1305 945 1347 1008 tt

295 1056 376 1141 Ipse
390 1055 497 1121 Amor
511 1075 670 1121 accensas
685 1057 844 1142 praecutit
858 1061 933 1120 ante
948 1054 1053 1119 iaces.

253 1253 422 1304 stilesmrsss.
454 1253 570 1303 Attamen
587 1253 666 1304 nullm
681 1259 727 1314 est,
744 1255 785 1317 φτ·
805 1259 910 1304 saccom
929 1258 1043 1302 ommes
1061 1251 1142 1314 cido,
1151 1247 1183 1298 iis
1200 1249 1283 1312 ilsqss
1298 1252 1350 1295 ists

252 1321 326 1368 untur
343 1320 380 1368 ire
400 1331 443 1381 per
463 1320 565 1368 mediam
581 1319 661 1367 etiam
682 1317 793 1382 Scyrost‘s
808 1320 864 1367 iter.
899 1319 1043 1381 Quicumque
1052 1313 1236 1375 amalorfsetil,
1262 1313 1351 1362 sostris

252 1397 295 1445 pet·
311 1381 433 1448 &pmcn
448 1384 555 1444 regiam
569 1383 617 1430 lter
628 1382 719 1442 faciut,
735 1384 814 1431 sulus
832 1397 881 1431 esse
902 1384 978 1444 cupiet
1003 1389 1053 1430 tum
1070 1380 1180 1428 immonis
1202 1384 1226 1427 et
1236 1329 1307 1436 jem
1323 1381 1351 1423 st

253 1461 312 1498 etttu
334 1449 414 1498 leco.
457 1447 525 1496 usu
543 1446 643 1506 facilem
659 1447 748 1509 nebel
767 1449 852 1496 mom:
876 1447 956 1496 sitim
976 1448 1079 1495 salebras
1101 1445 1245 1493 m:
1276 1443 1352 1491 sm

253 1511 331 1562 etism
348 1513 400 1576 ipse
419 1514 494 1561 toetles
511 1511 642 1574 proferas
660 1511 749 1573 agitat.
797 1511 887 1560 ltalia
911 1526 996 1560 massa
1013 1523 1102 1560 norsss
1129 1507 1230 1557 rictilss
1248 1507 1352 1556 Mais

714 1653 893 1676 mm

251 1753 391 1814 tepentisd
402 1751 452 1802 Or.
463 1765 520 1802 xtr.
538 1751 576 1802 M.
587 1756 644 1804 748.
660 1753 929 1805 uetustatem!
944 1754 1062 1804 Broullr.
1078 1753 1122 1817 qui
1142 1751 1169 1801 id
1187 1766 1245 1802 enm
1262 1751 1354 1801 Burm-

254 1819 346 1870 euicit.
378 1817 507 1882 ‘Scyroais
529 1817 600 1868 Bais.
612 1819 707 1867 Venet.
729 1819 809 1868 Atto.
824 1827 891 1869 cett.
913 1818 965 1868 Alii
979 1821 1028 1869 sil.
1044 1833 1102 1868 cunt
1114 1817 1189 1866 Brix.
1211 1815 1254 1867 ΑΙ.
1265 1817 1319 1879 qun
1335 1819 1353 1865 l.

254 1884 324 1933 uude
333 1881 425 1932 Heius.
437 1883 514 1931 etiarn
526 1883 725 1944 minuimento,
736 1885 875 1946 elimae
886 1884 933 1932 aas.
950 1884 1042 1933 Silibel
1051 1895 1152 1946 quoque
1160 1882 1230 1945 (luy.
1258 1881 1354 1930 Scilicet

253 1950 291 1997 s're
308 1947 408 1996 Psistt.
426 1943 526 1997 Gnaru.
544 1946 612 2011 quod
624 1946 711 1998 firmat
727 1948 876 2012 rttlgatsm!
892 1949 981 1998 Bnrll.
1012 1945 1058 1996 ‘In
1074 1947 1206 2011 plerisque
1229 1944 1305 1995 coto.
1325 1954 1355 1995 et

254 2011 314 2063 edd.
324 2011 436 2076 antiquis
451 2011 530 2060 medio
549 2013 572 2060 si
583 2012 600 2060 l.
610 2013 628 2062 i.
638 2013 686 2076 cia,
702 2020 730 2062 et
742 2015 780 2062 sic
789 2015 915 2076 Groning.
934 2011 1027 2062 Leidd.
1039 2013 1113 2061 Voss
1126 2016 1152 2061 ³.
1169 2025 1240 2060 urens
1252 2015 1278 2058 2.
1298 2009 1354 2060 Sed

253 2077 352 2192 garire
370 2088 444 2188 sesqttel
461 2083 560 2188 flentum
581 2091 611 2124 sc
625 2077 680 2190 pict.
697 2078 903 2191 ligediosqscillicet
920 2079 939 2128 ι’.
956 2077 1100 2190 oialeelsp.
1117 2074 1283 2190 stskhvosm
1294 2078 1355 2189 164.

283 2155 355 2190 orer.
401 2157 451 2189 se.
492 2153 613 2190 err.v.c.
651 2157 686 2190 a.
713 2177 720 2190 .
750 2177 757 2191 .
789 2156 1017 2192 smnseco.
1062 2155 1145 2190 ernstt.
1198 2153 1259 2190 srst.
1325 2155 1355 2203 p·

253 2209 317 2256 time
333 2203 409 2254 codd.
421 2211 521 2253 tantum
533 2217 584 2253 non
594 2219 662 2254 omn.
679 2208 758 2255 medis
768 2207 819 2256 scil.
829 2209 848 2256 ι’.
867 2159 925 2255 olef!
941 2207 1046 2256 Lacltrn.
1080 2205 1204 2255 Nostram
1226 2205 1290 2254 iect.
1308 2205 1356 2254 dat

254 2269 413 2320 Basta-ts
430 2269 625 2332 ‘Distinguitur
636 2269 679 2318 ltic
698 2271 772 2333 Eleg.
782 2287 796 2319 a
806 2285 892 2336 snper.
903 2271 929 2320 iu
942 2271 1040 2320 Posth!
1057 2267 1212 2319 Baetis—il
1229 2269 1282 2319 Dec
1293 2275 1322 2318 st
1331 2285 1357 2322 s.

257 2335 334 2386 Borr.
349 2332 415 2382 Asis.
439 2333 511 2382 leiti.
529 2337 554 2382 2.
568 2341 621 2382 tres
631 2335 706 2386 Voss.
719 2335 816 2384 Dorvr.
830 2337 946 2384 Burmm.
979 2336 1023 2384 Sic
1040 2336 1147 2400 legebat
1159 2333 1310 2384 Relsndus:
1327 2339 1356 2383 et

254 2399 350 2448 astruit
365 2397 453 2447 Burm.
467 2398 511 2461 qui
534 2405 618 2448 tamen
636 2399 766 2462 vulgatam
783 2400 928 2464 anteponit.
963 2400 996 2448 Ε.
1009 2399 1073 2448 enlm
1085 2401 1166 2448 Dore.
1176 2403 1267 2448 2—16
1286 2394 1356 2448 ‘sie

253 2477 319 2513 unas
329 2463 393 2526 Reg.
421 2461 574 2514 Qnamiect.
587 2463 687 2527 accipio
700 2465 806 2528 vulgata
822 2480 872 2513 non
881 2465 956 2528 paulo
968 2463 1118 2513 meliorem!
1135 2464 1245 2513 Broslsls.
1278 2461 1357 2512 Acci·

255 2529 331 2594 pinni
340 2527 419 2588 Vuip.
435 2527 512 2577 Giitt.
530 2527 636 2576 B.B.B.
653 2529 742 2578 Ceteri
753 2542 820 2577 omn.
833 2529 910 2579 codd.
921 2535 949 2578 et
959 2529 1019 2578 edd.
1032 2531 1146 2591 antique
1154 2528 1211 2577 sals.
1221 2529 1270 2577 t'tsr
1278 2544 1289 2587 ,·
1305 2542 1356 2578 nec

254 2594 334 2643 tiiter
343 2589 561 2642 affertNestorin
572 2592 670 2641 vocab.
680 2607 705 2656 p.
714 2597 771 2642 45⁵.
805 2594 840 2643 Et
855 2595 904 2643 itoc
921 2593 1045 2658 optimum
1058 2607 1115 2642 esse
1128 2592 1232 2656 judicat
1250 2593 1357 2644 ascum.

253 2662 319 2706 -to
335 2657 487 2706 ‘Presserat
498 2657 564 2718 legit
580 2657 689 2718 perculit,
706 2656 775 2722 qnod
789 2672 841 2706 non
857 2659 953 2723 placet·
983 2657 1037 2706 Sed
1052 2671 1103 2706 non
1125 2664 1166 2707 est
1184 2658 1292 2720 iusuper
1311 2657 1357 2706 ita·

255 2721 341 2772 benaia
352 2723 480 2770 correctio
495 2721 608 2781 ticiani,
621 2725 744 2785 praestit,
754 2721 786 2770 ad
805 2722 857 2772 Or.
877 2737 915 2771 rr.
934 2723 973 2771 M.
994 2721 1059 2772 lot!
1086 2721 1196 2773 Broskl.
1226 2721 1358 2771 ‘Perculit

256 2787 356 2836 Palatt.
373 2787 403 2834 C.
422 2785 495 2834 Com.
513 2785 607 2834 Dresd.
631 2786 704 2833 Brix.
728 2788 822 2837 Venet.
841 2786 919 2836 Atat.
938 2789 1015 2838 Csnt.
1037 2793 1101 2836 cett.
1119 2787 1290 2850 compositum
1308 2801 1357 2850 pro

254 2849 374 2924 simplici.
408 2849 516 2958 Perpplt'l¹
528 2850 627 2961 Ggarn.
643 2848 710 2912 qtrod
722 2847 742 2898 f.
755 2865 803 2925 pro
808 2853 919 2914 perculit,
927 2852 994 2914 quod
1006 2851 1235 2928 Passeratiusnis
1245 2852 1358 2926 ipreuit.

254 2913 1359 3093 ngtgttpjnt.pit-..etpgttpgtzgft't42323t33l1negt?utut

279 3057 295 3092 s
339 3077 346 3091 .
388 3057 415 3089 er
453 3055 555 3090 treee
586 3055 686 3090 amnavr
736 3057 781 3091 ron
820 3079 827 3092 .
870 3059 897 3092 er
978 3058 993 3092 n
1034 3059 1163 3092 nmmtsco
1202 3057 1287 3094 ,cuns
1325 3061 1360 3094 rs-

255 3107 304 3155 mis
324 3106 471 3169 ceterisque
486 3105 579 3169 priscis
598 3105 658 3156 edd.
674 3115 701 3154 et
721 3108 758 3156 sic
781 3109 932 3173 conjecerat
948 3059 1040 3157 ursle.
1062 3109 1113 3157 Sed
1127 3110 1253 3159 assentior
1277 3061 1358 3159 eti'am

255 3171 365 3223 Heinsio
382 3170 478 3234 legenti
493 3171 614 3233 praestit,
630 3171 699 3235 quod
716 3179 744 3222 et
760 3172 831 3236 Guy.
848 3173 954 3223 solebat
976 3182 1004 3223 et
1021 3172 1125 3224 Markl’
1142 3174 1230 3224 Barsa.
1263 3175 1359 3225 ‘Vera

755 3323 861 3374 NOTAE

288 3437 319 3484 ts
336 3434 444 3484 Scironis
453 3435 490 3485 t're
506 3435 556 3499 eiu]
573 3435 707 3500 Significat
719 3438 784 3488 Pro·
823 3439 956 3504 cipitatse.
994 3439 1131 3489 Latronem
1141 3439 1210 3488 ltnnc
1223 3440 1359 3491 Sciroaem

255 3510 663 3577 pertinsamstoresuntqueesse
674 3521 784 3564 tutcssc
823 3518 950 3566 Theseum
971 3517 1133 3566 interemisse
1148 3523 1236 3566 nssrat
1254 3517 1360 3568 Plutar-

255 3587 424 3648 inviolabiles,
434 3587 535 3637 etiamsi
547 3588 599 3638 iter
610 3587 729 3640 facerent
736 3606 785 3655 pet
824 3593 888 3642 citus
898 3593 924 3641 in
936 3593 1047 3643 Theseo.

255 3665 341 3716 melia
365 3681 427 3714 saxa
450 3667 578 3728 Scironis,
600 3683 659 3732 qua
677 3679 738 3719 sunt
757 3673 786 3720 in
859 3674 889 3719 15
905 3669 977 3718 Iaso
993 3667 1295 3730 summasunmna
1312 3671 1360 3720 mi·

254 3739 346 3791 Attica
376 3740 491 3804 regione.
528 3745 619 3794 Sciron
645 3746 713 3796 enim
735 3745 786 3796 tuit
825 3745 933 3796 misterio
953 3746 1028 3794 Mna
1046 3746 1183 3810 sideraque
1200 3747 1267 3796 eiam
1284 3751 1359 3800 eunti

255 3815 316 3866 oiim
336 3817 402 3865 istro
429 3815 542 3866 fumosus
563 3819 630 3868 riam
653 3819 785 3882 obsidens,
825 3821 945 3886 praebent
954 3821 1067 3886 facilem,
1077 3823 1188 3888 locaque
1204 3839 1298 3887 aspera
1314 3825 1361 3877 dc·

255 3906 314 3956 qna
331 3891 405 3942 ducit
416 3893 449 3941 ab
470 3893 569 3943 Isthmo
581 3895 749 3946 Corinthiaco
759 3897 786 3946 in
825 3905 977 3948 monstrent.

254 3968 373 4020 Atticam
385 3976 412 4018 et
423 3969 567 4034 Megaram,
584 3971 628 4021 ubi
646 3986 723 4037 rupes
742 3988 787 4022 nn·
860 3978 891 4023 lo
907 3974 962 4037 Ipse
970 3973 1057 4038 Assur]
1070 3975 1130 4038 Ipse
1139 3975 1253 4039 Cupido,
1263 3980 1361 4029 tutels-

253 4055 346 4110 gustae,
357 4060 415 4110 quae
430 4045 463 4095 ab
474 4061 505 4095 eo
520 4045 644 4097 Scironia
662 4045 786 4099 et'Sciro·
826 4051 861 4100 ris
874 4053 946 4100 Dens
957 4055 1108 4114 smsntinur,
1126 4060 1248 4117 tanquam
1260 4052 1362 4106 faenis-

254 4123 328 4173 nides
340 4131 422 4186 petra
442 4122 521 4172 dictae
541 4135 610 4185 stunt,
627 4124 671 4174 ubi
688 4125 787 4174 dicitnr
827 4128 880 4177 rius
898 4127 1026 4190 minister,
1042 4126 1235 4190 faeespstefert
1250 4146 1282 4180 ac
1298 4146 1361 4182 con-

253 4201 345 4252 Sciron
355 4203 467 4252 viatores
475 4202 598 4268 spoliatos
607 4205 632 4253 iu
641 4219 711 4254 snare
719 4221 786 4270 prae·
826 4204 892 4253 cutit
901 4203 1009 4253 sanatori
1017 4211 1171 4254 nocturnum
1183 4205 1234 4255 iter
1242 4205 1360 4261 facienti.
