2917 4784
228 272 293 336 620
558 288 586 335 s,
613 284 772 335 sununtt
799 284 998 331 rnorsttrtt
1048 333 1054 345 ,

229 429 288 493 Mo
302 436 394 494 creat
407 428 565 513 Archyttn
576 428 713 493 soboles
729 428 939 511 Babylonius
956 425 1086 502 Horos,

273 531 403 610 Herus,
418 540 452 595 et
466 552 487 596 a
503 551 631 615 proavo
646 532 750 595 ducto
762 531 901 595 Conone
914 531 1046 593 domus.

229 633 276 699 nt
291 634 370 699 mibi
383 642 462 699 sunt
475 639 591 711 testeo,
607 654 672 697 non
688 631 1144 722 degenerasse-propinquos,

272 736 377 819 Inque
391 737 474 799 meis
487 736 581 799 libris
596 735 641 797 nil
654 736 746 817 prius
760 754 836 797 esse
849 734 923 796 fide.

228 837 330 903 Nune
346 838 486 921 pretium
501 837 610 901 socero
626 838 733 915 Deos,
748 846 782 899 et
796 836 921 899 fallitur
938 852 1020 897 auro

269 938 418 1025 Jupiter:
444 940 591 1023 obliquae
608 941 702 1022 signo
716 940 836 1003 iterata
849 947 940 1003 rotae.

227 1109 276 1152 tur.
310 1101 391 1149 Horos
398 1098 674 1162 summouentium
679 1100 757 1163 fitius,
768 1114 804 1147 me
813 1098 955 1159 procrearit,
963 1111 1065 1159 meaque
1075 1111 1156 1156 geno
1168 1096 1266 1145 emm
1276 1100 1331 1145 ets·

226 1172 315 1215 ooortu
326 1173 374 1214 ort.
407 1166 471 1213 Deos
482 1180 524 1225 rgo
532 1170 607 1213 testor
616 1182 631 1211 o
639 1166 775 1226 pot'trtitms
787 1180 827 1212 me
835 1180 882 1212 sort
892 1165 1025 1221 descivisse,
1035 1166 1058 1209 et
1075 1163 1101 1209 is
1114 1161 1171 1209 meis
1179 1162 1281 1222 seriptis
1291 1162 1329 1209 rri-

226 1230 260 1281 tit
272 1245 319 1279 esse
326 1230 404 1291 potiris
413 1245 441 1277 oe
450 1230 572 1291 antiquius
578 1230 687 1277 veritate.
704 1230 795 1277 omum
806 1230 896 1277 lucrum
907 1235 1062 1290 pomumque
1074 1226 1178 1275 Demus
1186 1226 1331 1287 religion·

189 1328 192 1337 .
225 1300 355 1357 verterunt,
365 1308 466 1355 eumpse
475 1294 592 1356 decipitur
601 1294 707 1357 Jupiter.
724 1296 790 1357 [Ego
809 1292 903 1355 cosmo]
916 1294 987 1353 suro
1001 1290 1087 1353 sepius
1104 1292 1200 1339 tieem«
1214 1296 1278 1339 rota
1288 1290 1329 1339 ob·

227 1470 430 1535 Ronill.,Mureti
442 1468 544 1531 Albius,
553 1470 630 1520 Cant.
640 1470 707 1519 Scel.
719 1472 812 1519 llouss.
829 1470 906 1521 Prius
918 1477 1004 1518 tamen
1013 1484 1028 1517 n
1036 1468 1334 1521 Posserstlossreritur.

227 1534 303 1585 Hono
314 1549 375 1585 vero
389 1536 457 1583 tueri
475 1544 562 1597 potest
574 1534 679 1583 Homeri
693 1537 773 1591 locus,
794 1550 824 1584 tt.
835 1535 887 1583 (ld.
900 1538 956 1583 170.
977 1535 1060 1599 seqq!
1080 1537 1165 1584 Buris.
1200 1534 1254 1581 Ast
1266 1534 1334 1583 dant

226 1600 456 1650 B.b.B.-rtt.so
473 1601 567 1662 ‘Orops
586 1598 683 1649 Pelstt·
704 1598 802 1649 Gttetn.
823 1600 896 1647 Brix.
915 1599 1010 1647 Vener.
1043 1598 1139 1663 Horeps
1160 1596 1241 1646 Atto.
1266 1599 1335 1647 Mox

226 1664 312 1716 Horou
333 1662 537 1714 commutem.
558 1662 636 1712 Aldu.
662 1664 727 1711 Orou
748 1665 820 1713 Btir.
840 1666 932 1711 venet.
948 1665 981 1710 D.
994 1662 1089 1712 Zenone
1111 1662 1216 1712 brem!
1243 1662 1334 1711 Barth.

225 1730 346 1792 ‘troops
358 1728 449 1790 ier-ops,
460 1728 500 1776 vet
524 1730 600 1789 Orops
616 1728 641 1776 in
655 1729 719 1777 meir
734 1730 794 1777 bles.
811 1728 904 1777 Loidd.
921 1727 997 1776 Voss.
1010 1733 1033 1775 1.
1043 1732 1067 1777 3.
1077 1732 1101 1777 t.
1120 1730 1201 1777 Dort.
1211 1730 1235 1774 2.
1254 1728 1336 1775 omo·

226 1792 303 1844 Borr.
329 1794 391 1841 Oros
410 1791 567 1842 estotvat.
583 1797 603 1841 t.
632 1792 711 1841 Heres
729 1794 817 1855 Nesp.
838 1808 899 1841 ant.
918 1804 969 1841 sse.
997 1792 1074 1855 Orops
1090 1794 1175 1855 Regg.
1202 1792 1334 1852 Grouing.

226 1858 336 1907 Mentel.
356 1856 490 1906 Heinsius.
511 1872 550 1920 pr.
559 1856 619 1907 edd.
639 1857 735 1919 Herops
758 1858 830 1906 Harl.
848 1856 923 1905 Arei.
941 1858 1017 1918 proles
1030 1858 1063 1905 B.
1075 1873 1142 1920 omps
1162 1854 1227 1905 usk.
1246 1856 1336 1905 Hom

227 1922 268 1969 uel
286 1921 367 1971 Horos
386 1920 516 1983 Astrologi
536 1936 637 1970 nomen.
655 1923 719 1971 Mox
734 1924 799 1971 Oreo
810 1928 834 1969 et
853 1922 957 1983 Regius,
976 1923 1016 1969 tel
1028 1920 1112 1970 Horon
1123 1925 1156 1970 et.
1182 1921 1214 1969 ln
1227 1920 1336 1971 Leid.l.

225 1986 490 2036 potenttiorem.
508 1986 613 2047 Heropr,
630 1994 657 2035 et
671 1986 773 2036 Leton.
787 1987 861 2033 Voss.
871 1990 895 2034 1.
917 2001 933 2034 s
945 2001 978 2035 m.
991 2001 1044 2033 see.
1061 1986 1113 2035 Sed
1127 1986 1210 2034 Heron
1223 1990 1247 2033 et
1276 2001 1292 2033 s
1303 2000 1337 2034 m.

226 2064 267 2115 pr.
286 2050 370 2099 Horon
383 2066 437 2100 ue.
449 2052 523 2099 Frut.
543 2052 608 2098 Oros
621 2050 748 2113 Grouiug.
757 2052 832 2099 Borr.
853 2054 945 2098 Ororet
956 2050 1041 2099 Colot.
1054 2053 1115 2099 Vnt.
1126 2056 1149 2099 1.
1159 2056 1182 2099 5.
1200 2049 1300 2114 Horon,
1309 2055 1337 2100 si

226 2114 318 2165 liuius.
330 2116 379 2179 Ep.
399 2114 431 2163 sti
451 2114 540 2165 (ἴτων.
557 2116 639 2165 'l'.tt¹.
657 2115 722 2177 Syll.
744 2130 769 2176 p.
786 2119 843 2163 out.
861 2114 990 2177 probante
1012 2115 1119 2165 Graerio
1141 2114 1192 2176 Ep.
1212 2128 1270 2179 seq.
1293 2116 1336 2163 rel

226 2178 335 2229 Heremo
346 2196 361 2227 o
369 2194 455 2243 prom
467 2180 492 2227 in
505 2193 585 2241 marg.
598 2180 639 2227 ed.
653 2178 714 2229 Atu.
737 2180 907 2227 blurkluudus
926 2180 1099 2241 ascripserat:
1124 2180 1196 2227 ‘Diu
1208 2190 1249 2229 ost
1263 2178 1335 2241 quod

226 2244 279 2293 vidi
293 2244 394 2309 legend.
407 2258 463 2292 esse
477 2244 569 2302 Horon,
579 2258 610 2290 ex
623 2259 708 2293 seusu.
728 2244 814 2292 lloros
827 2244 984 2307 Babylonios
995 2246 1092 2294 creavit
1104 2258 1146 2293 nte
1156 2244 1259 2293 Horon.
1271 2244 1337 2295 Sum

226 2308 315 2357 Horos
324 2308 357 2357 ob
369 2308 452 2358 Horo.
469 2306 610 2368 Confirmat
623 2308 681 2357 cod.
693 2308 775 2356 Doro.
786 2318 812 2356 et
825 2308 931 2371 Etl.pr.'
943 2308 994 2356 Pro
1005 2309 1100 2357 Corone
1109 2310 1176 2357 ursle
1188 2308 1214 2356 in
1224 2309 1335 2359 latet.

226 2374 301 2423 Voss.
313 2372 553 2423 notissimorum
566 2379 676 2433 utroque
688 2373 792 2422 oerore!
809 2374 897 2422 Burtu.
923 2373 1030 2434 ‘Horon
1043 2374 1141 2423 Horou:
1158 2374 1245 2436 inepte
1257 2386 1337 2437 repe-

227 2438 296 2487 titio.
309 2437 434 2493 Grouinz.
450 2436 498 2501 [ct.
506 2434 574 2500 sup]
598 2436 684 2500 Nesp.
704 2446 733 2487 et
752 2439 873 2501 permulti
893 2439 918 2485 iu
939 2448 1102 2499 pentametro
1123 2438 1220 2486 babent
1239 2436 1339 2488 tram

225 2500 259 2551 ln
274 2517 351 2552 versu
362 2503 477 2565 longiore
497 2501 577 2549 Horor
590 2501 622 2549 tle
642 2504 730 2551 neseio
751 2503 826 2566 cujus
844 2503 995 2564 conjecturs
1014 2503 1067 2565 legi
1088 2501 1201 2551 videtur.
1233 2503 1337 2567 Scripti

224 2567 322 2617 babent
335 2568 410 2630 Orops
422 2574 449 2615 et
462 2567 565 2615 similis.
600 2566 681 2615 Recte
691 2566 796 2629 Europe,
811 2566 911 2617 Horon!
926 2567 1031 2616 Lorbm.
1059 2568 1182 2617 Nostram
1195 2566 1257 2616 leet.
1271 2568 1340 2618 tlsnt

225 2632 256 2681 B.
267 2634 298 2682 tt.
309 2632 405 2682 B.-81
424 2631 496 2680 ‘Sint
517 2630 616 2680 Gttsru.
635 2631 784 2695 Propiuqoor
805 2631 913 2681 Franco.
936 2630 1035 2681 Gusrn.
1059 2630 1110 2680 Ed.
1129 2646 1169 2695 pr.
1187 2632 1340 2696 Propinqui:

225 2706 288 2746 cett.
310 2710 369 2745 cum
393 2696 488 2758 νιιΙςς.1
514 2695 602 2744 Burtli.
643 2696 714 2743 ‘Sint
728 2696 804 2744 Borr.
822 2696 935 2746 C.Com.
957 2695 1031 2745 Voss.
1044 2700 1067 2745 1.
1085 2696 1170 2745 Rsrte
1188 2697 1339 2760 propinqum

224 2762 251 2810 in
264 2761 356 2823 Regio,
374 2760 462 2823 Nesp.
479 2759 539 2807 Vst.
551 2766 574 2809 6.
593 2762 665 2809 Voss.
683 2760 810 2821 Grontng.
829 2761 945 2823 aliisque.
962 2761 1034 2810 Molo
1044 2760 1182 2824 propinquis
1195 2761 1223 2809 in
1244 2763 1338 2823 primis

225 2834 253 2875 et
267 2826 372 2888 reliquis
384 2823 494 2872 vetustis
503 2822 573 2871 edd!
590 2824 676 2873 Burm.
710 2825 847 2873 Kuinoelir
860 2825 920 2874 lect.
932 2826 995 2873 ‹ieut
1017 2826 1086 2875 tto.
1097 2826 1241 2875 libe—88.
1252 2830 1289 2877 st
1306 2828 1338 2876 Ιι

226 2890 343 2953 prosim
360 2888 455 2939 Vener.
478 2886 623 2952 sszrtb.
652 2888 682 2935 ln
697 2892 803 2950 pretium
823 2888 897 2937 Borr.
919 2890 1032 2941 Dorul.
1051 2904 1122 2940 meus
1134 2896 1158 2941 2.
1178 2898 1204 2939 et
1222 2889 1289 2941 Ber.
1308 2892 1338 2942 F.

718 3002 826 3054 NorAE

185 3094 190 3103 ’
224 3101 305 3151 tunsis
321 3098 754 3164 estinstsrpile,queutiuvenisse
833 3101 1101 3165 corporeorum
1128 3101 1222 3151 Conone
1243 3100 1343 3164 dms]

222 3178 506 3230 dieiturArobimeder.
795 3178 884 3226 Conon
896 3177 1003 3240 insignis
1022 3176 1341 3241 suitmstbemstietrs‚sx

254 3259 288 3304 w
307 3256 350 3305 Me
368 3260 434 3304 erest
452 3254 565 3317 Archyta
579 3253 679 3317 soboles]
707 3254 754 3302 Ar·
794 3253 1112 3314 Ssmoiusntsoriuntlos,
1130 3254 1290 3317 quisepteru
1302 3253 1338 3302 tie

223 3331 313 3394 ebytes
332 3330 495 3394 philosophus
510 3330 618 3377 eximius
637 3328 686 3379 fuit
704 3330 755 3395 Py·
796 3329 872 3379 rebus
884 3330 1045 3392 astrologicis
1055 3328 1148 3379 Libros
1161 3328 1255 3378 eotttt.

219 3406 379 3471 ,turgum-m,
409 3408 494 3469 patris
523 3406 691 3467 Tarentinus,
711 3407 755 3470 qui
827 3410 858 3455 8³
877 3408 949 3455 Nure
962 3408 1065 3470 pretium
1078 3406 1161 3465 ,t‘erere
1184 3405 1265 3469 Deos]
1294 3404 1346 3456 Αι-

223 3483 367 3545 columbam
374 3484 485 3547 ligneam
494 3483 531 3533 its
538 3482 637 3533 affabre
646 3482 756 3548 effinxit,
797 3482 910 3547 trologos
922 3497 953 3532 sc
970 3485 1164 3533 matbemsticos
1178 3482 1343 3544 insectetur,

223 3560 451 3613 utrivre,volrtum
461 3562 613 3611 imitaretur.
799 3561 842 3623 qui
861 3562 998 3623 pecuniam
1014 3569 1040 3609 et
1058 3574 1148 3611 aurum
1161 3562 1282 3612 Deorum
1293 3562 1339 3609 lis-

256 3638 401 3701 Babylonius
412 3636 504 3700 Horou]
523 3637 608 3687 Horos
621 3637 661 3685 vel
670 3636 758 3687 Horus
800 3636 863 3685 beut
873 3638 939 3697 loco,
952 3644 980 3685 et
990 3637 1035 3700 qui
1048 3638 1134 3699 pretio
1150 3638 1271 3702 corrupti
1282 3637 1337 3687 sor·

224 3712 384 3774 Babylonius
396 3713 492 3763 dicitur
503 3728 554 3762 nou
575 3728 590 3761 s
607 3714 702 3775 putria,
713 3713 759 3762 setl
800 3721 916 3762 ursatum
928 3714 1073 3776 portitorem
1087 3712 1195 3779 isteque
1208 3717 1340 3765 salutaris

224 3787 489 3852 sprot'sssions,quis
508 3790 628 3837 nimirum
646 3788 759 3852 Babylo·
799 3790 984 3841 etuetrtiuutor.
1016 3790 1156 3841 ludevero
1170 3791 1226 3841 tutti
1237 3792 1339 3843 dieitur

220 3866 259 3915 nii
280 3878 326 3913 seu
346 3863 462 3915 Gbrldoei
484 3864 634 3927 peritissimi
656 3878 759 3927 semper
799 3881 861 3916 soro
872 3865 987 3929 Jupiter,
995 3868 1055 3931 quis
1067 3876 1177 3931 propter
1191 3882 1284 3917 surum
1297 3871 1339 3919 ln·

221 3941 307 3993 babiti
319 3950 378 3989 sunt
390 3940 514 4003 astrologi
525 3954 571 3989 seu
584 3950 655 3989 votor
667 3949 695 3989 et
715 3956 759 4003 ge·
798 3937 923 3991 orontium
940 3942 1065 4005 astrologi
1079 3942 1179 3993 rtettsm
1197 3942 1274 3993 Joris
1292 3945 1339 3995 be·

221 4017 361 4078 netbllsoi;
389 4016 422 4065 tle
444 4016 534 4080 quibus
555 4016 614 4065 uide
636 4017 759 4067 Strobos.
799 4017 906 4067 rreticsut
924 4032 956 4067 se
975 4017 1085 4067 tamtam
1101 4018 1179 4067 elicui
1199 4020 1339 4083 metrum

220 4095 267 4143 lib.
279 4092 441 4145 xt1.etCic.
455 4092 498 4143 lib·
509 4106 528 4145 t.
540 4101 568 4142 et
581 4106 612 4143 tt.
629 4091 661 4143 tie
682 4094 760 4143 Diri·
798 4094 826 4141 iu
837 4092 968 4154 genituro,
979 4093 1025 4157 qui
1042 4095 1144 4143 stellam
1161 4092 1275 4146 formes
1291 4096 1340 4146 Ss-

226 4176 281 4225 uot.
670 4197 673 4207 .
799 4170 870 4222 torui
882 4170 1054 4233 perniciosus
1064 4170 1152 4227 bibet.
