2917 4784
290 1070 568 1154 recensus
603 1075 862 1157 conicum
898 1077 1017 1156 mss
1160 1023 1165 1032 ’

321 1309 470 1376 SEXTI
493 1310 695 1377 AURELII
719 1307 987 1380 PROPERTII

182 1550 247 1605 cvl
269 1549 310 1604 IN
327 1550 581 1604 emmorflscts
596 1550 833 1606 annnumers
852 1549 1119 1604 ASSERVAN'I'UR.

140 2019 187 2085 lu
210 2021 393 2106 Bipontina
409 2021 445 2087 N
445 2023 542 2088 ntitia
556 2021 720 2088 Iriteraria
734 2022 815 2088 nihil
831 2023 1037 2108 percipimus
1061 2023 1103 2088 de
1113 2019 1197 2089 Pro-

96 2123 197 2207 pertii
211 2123 387 2190 codicibus
403 2123 489 2189 Mas.
533 2126 572 2191 Si
593 2126 671 2210 quis
685 2125 728 2191 de
743 2124 787 2190 iis
804 2126 894 2210 apud
904 2130 1037 2191 exteros
1056 2125 1198 2192 servatis

95 2225 224 2312 aliquid
249 2227 336 2292 scire
364 2226 491 2312 cupiat,
517 2228 676 2294 consulat
690 2234 854 2314 excerpta
879 2249 923 2294 ex
940 2227 1198 2313 praefutiouilrus

95 2328 241 2408 Barthii,
255 2325 420 2408 Santenii,
436 2335 469 2393 et
484 2329 700 2406 Lachmanni,
724 2351 829 2414 supra
842 2351 876 2415 p.
891 2330 924 2394 3.
937 2351 1012 2415 sqq·
1028 2331 1083 2396 vel
1096 2327 1200 2400 Codi-

93 2451 171 2496 cum
196 2429 380 2498 E'lenclrmu
406 2433 464 2516 qui
492 2433 583 2498 Frid.
599 2430 713 2497 Gottl.
734 2431 861 2498 Barthii
875 2432 1015 2497 editioni
1029 2431 1199 2516 Properti-

93 2553 169 2599 anae
183 2533 298 2619 (Lips.
311 2532 428 2618 1777.)
449 2533 645 2619 praefigitur,
663 2534 724 2599 nbi
745 2533 872 2599 notulae
886 2532 1040 2618 quaedam
1061 2533 1106 2598 ad
1122 2549 1198 2598 eos·

93 2635 170 2700 dem
185 2637 363 2702 attinentes
376 2641 504 2715 extant,
517 2637 713 2721 plerumque
725 2655 803 2700 cum
819 2632 1018 2700 Catullianis
1031 2639 1065 2698 et
1077 2633 1197 2702 'libul-

93 2737 197 2804 lianis
210 2739 430 2823 conjunctos3
456 2740 501 2804 ab
521 2739 565 2804 in
589 2739 680 2802 enim
705 2738 882 2820 separatim
905 2756 980 2801 raro
1003 2735 1197 2802 inveniendi

91 2847 172 2906 sunt
196 2839 419 2928 Propertiani·
464 2841 623 2908 Similiter
649 2848 685 2906 et
706 2860 773 2905 nos
798 2840 1018 2926 Properliana
1041 2839 1197 2923 quredam

92 2947 220 3019 nosne,
235 2943 492 3028 qualiacumque
502 2944 722 3022 fuerint,·cnm
729 2943 932 3008 Catullianis
947 2950 982 3007 et
993 2941 1196 3008 'libulliauis

86 3045 165 3128 jam
178 3045 348 3127 dedimus3
370 3047 445 3112 lroec
461 3047 608 3130 paucula
620 3046 805 3130 separatim
815 3045 939 3111 daturi.

137 3147 254 3214 Rarus
268 3151 373 3215 etiam
393 3155 446 3214 ost
459 3147 628 3232 Propertii
654 3149 775 3227 codex,
798 3149 864 3214 uisi
887 3167 965 3213 cum
980 3145 1115 3213 Catullo
1135 3153 1196 3214 aut

90 3251 305 3331 'libulloael
315 3273 394 3317 cnm
407 3260 567 3337 utroque,
579 3252 794 3336 conjunctus,
804 3251 840 3316 in
850 3251 1069 3318 Bibliothecis
1079 3249 1196 3318 Publi-

91 3355 146 3419 cis
161 3354 365 3420 Britanniae:
386 3362 422 3418 et
436 3354 517 3437 quid
528 3354 596 3419 eibi
608 3354 691 3420 velit
699 3354 862 3420 Barthins
876 3356 936 3439 qui
947 3355 1100 3420 codicem
1109 3352 1195 3420 Pro·

90 3455 193 3540 pertii
220 3457 256 3520 in
280 3454 367 3521 llas.
391 3455 525 3522 Eccles.
550 3455 587 3520 S.
612 3454 706 3522 Petri
721 3455 952 3522 Eboracansis
974 3457 1029 3520 bis
1044 3455 1194 3540 appellat

78 3557 248 3644 ffleuch.
280 3558 390 3624 Codd
419 3580 478 3644 pp.
501 3575 645 3625 xxxvi.
674 3561 849 3637 xxxvii.)
869 3577 935 3624 nou
961 3558 1099 3644 quidem
1120 3577 1195 3643 per·

91 3659 270 3726 sentimus.
314 3660 480 3746 Appellat
501 3663 552 3726 vir
573 3661 617 3726 cl.
639 3659 837 3726 Montelalc.
860 3682 894 3745 p.
908 3660 984 3726 681.
1007 3666 1042 3726 ut
1064 3661 1100 3726 in
1128 3661 1194 3726 ista
1320 3724 1327 3736 ,
1447 3622 1448 3630 ἵ

89 3763 219 3848 pagina
236 3765 269 3828 is
284 3783 352 3831 non
374 3763 474 3828 codd.
496 3763 587 3848 apud
611 3761 833 3828 cathedralem
849 3761 1108 3841 Eboraceusem,
1131 3761 1193 3828 sed
1240 3829 1243 3836 Δ

88 3865 283 3931 Vossianus
310 3872 479 3931 memorat
528 3865 579 3933 Ol.
607 3866 765 3931 nimirum
779 3865 897 3932 Vossii
919 3865 1058 3930 codices
1079 3885 1193 3931 nume·

88 3969 165 4036 rosi
174 3976 210 4033 et
219 3969 368 4054 pretiosi,
381 3975 450 4034 tam
466 3966 581 4034 Graeci
595 3988 696 4053 qnam
712 3967 838 4049 Latini,
848 3968 906 4034 diu
922 3968 1013 4054 upnd
1026 3973 1190 4033 nostrates

89 4072 364 4138 remorabantur:
402 4071 630 4137 controversia
654 4091 733 4136 vero
761 4072 848 4137 inter
869 4071 1025 4136 haeredes
1054 4069 1127 4153 ejus
1157 4076 1191 4134 et

87 4173 307 4241 bibliothecae
320 4179 464 4240 emtores
485 4173 591 4254 linita,
609 4175 646 4239 in
665 4175 803 4260 publica
822 4173 1024 4241 bibliotheca
1048 4170 1189 4237 Univer-

89 4277 202 4344 sitatis
216 4276 597 4361 LugdmoBatavensis
618 4277 751 4344 tandem
772 4278 876 4344 locati
903 4281 991 4355 sunt,
1021 4273 1079 4341 nbi
1100 4291 1186 4340 nunc

88 4387 318 4448 usewmtur.
663 4368 667 4379 ’
1095 4367 1099 4378 ’

156 4497 425 4566 Maraccus.
586 4497 697 4563 Propon.
1066 4495 1124 4548 cll
