<?xml version="1.0" encoding="UTF-8"?>
<!DOCTYPE html PUBLIC "-//W3C//DTD XHTML 1.0 Transitional//EN"
    "http://www.w3.org/TR/xhtml1/DTD/xhtml1-transitional.dtd">
<html xmlns="http://www.w3.org/1999/xhtml" xml:lang="en" lang="en">
 <head>
  <title>
</title>
<meta http-equiv="Content-Type" content="text/html;charset=utf-8" />
  <meta name='ocr-system' content='tesseract 3.04.00' />
  <meta name='ocr-capabilities' content='ocr_page ocr_carea ocr_par ocr_line ocrx_word'/>
</head>
<body>
  <div class='ocr_page' id='page_1' title='image "./sextiaureliipro00dubogoog/sextiaureliipro00dubogoog_0040.png"; bbox 0 0 2917 4784; ppageno 0'>
   <div class='ocr_carea' id='block_1_1' title="bbox 203 332 1049 402">
    <p class='ocr_par' dir='ltr' id='par_1_1' title="bbox 203 332 1049 402">
     <span class='ocr_line' id='line_1_1' title="bbox 203 332 1049 402; baseline 0.005 -4"><span class='ocrx_word' id='word_1_1' title='bbox 203 332 269 398; x_wconf 77' lang='grc'>536</span> <span class='ocrx_word' id='word_1_2' title='bbox 422 393 423 396; x_wconf 74' lang='grc'>,</span> <span class='ocrx_word' id='word_1_3' title='bbox 534 347 747 398; x_wconf 80' lang='lat' dir='ltr'>sttuannrt</span> <span class='ocrx_word' id='word_1_4' title='bbox 773 347 1049 402; x_wconf 75' lang='lat' dir='ltr'>aroannam,</span> 
     </span>
    </p>
   </div>
   <div class='ocr_carea' id='block_1_2' title="bbox 120 490 1298 1086">
    <p class='ocr_par' dir='ltr' id='par_1_2' title="bbox 120 490 1298 1086">
     <span class='ocr_line' id='line_1_2' title="bbox 206 490 982 576; baseline -0.001 -19"><span class='ocrx_word' id='word_1_5' title='bbox 206 490 253 557; x_wconf 79' lang='lat' dir='ltr'>At</span> <span class='ocrx_word' id='word_1_6' title='bbox 266 511 360 556; x_wconf 90' lang='lat' dir='ltr'>mons</span> <span class='ocrx_word' id='word_1_7' title='bbox 373 491 537 576; x_wconf 83' lang='lat' dir='ltr'>laurigero</span> <span class='ocrx_word' id='word_1_8' title='bbox 551 511 735 558; x_wconf 83' lang='lat' dir='ltr'>concussus</span> <span class='ocrx_word' id='word_1_9' title='bbox 750 492 876 559; x_wconf 82' lang='lat' dir='ltr'>vertice</span> <span class='ocrx_word' id='word_1_10' title='bbox 891 492 982 557; x_wconf 85' lang='lat' dir='ltr'>diras</span> 
     </span>
     <span class='ocr_line' id='line_1_3' title="bbox 249 593 964 678; baseline -0.003 -18"><span class='ocrx_word' id='word_1_11' title='bbox 249 593 383 660; x_wconf 86' lang='lat' dir='ltr'>Gallica</span> <span class='ocrx_word' id='word_1_12' title='bbox 398 595 583 660; x_wconf 82' lang='lat' dir='ltr'>Parnassus</span> <span class='ocrx_word' id='word_1_13' title='bbox 599 596 721 678; x_wconf 83' lang='lat' dir='ltr'><strong>sparsit</strong></span> <span class='ocrx_word' id='word_1_14' title='bbox 736 596 772 658; x_wconf 91' lang='lat' dir='ltr'>in</span> <span class='ocrx_word' id='word_1_15' title='bbox 786 613 845 658; x_wconf 91' lang='lat' dir='ltr'>ora</span> <span class='ocrx_word' id='word_1_16' title='bbox 859 596 964 658; x_wconf 85' lang='lat' dir='ltr'>nives.</span> 
     </span>
     <span class='ocr_line' id='line_1_4' title="bbox 204 693 1298 780; baseline 0.001 -21"><span class='ocrx_word' id='word_1_17' title='bbox 204 693 256 759; x_wconf 85' lang='lat' dir='ltr'>Ta</span> <span class='ocrx_word' id='word_1_18' title='bbox 271 696 381 760; x_wconf 82' lang='lat' dir='ltr'>scelus</span> <span class='ocrx_word' id='word_1_19' title='bbox 392 700 530 780; x_wconf 87' lang='lat' dir='ltr'>accepto</span> <span class='ocrx_word' id='word_1_20' title='bbox 544 695 684 760; x_wconf 82' lang='lat' dir='ltr'>Thracis</span> <span class='ocrx_word' id='word_1_21' title='bbox 699 695 938 780; x_wconf 81' lang='lat' dir='ltr'><strong>Polymestoris</strong></span> <span class='ocrx_word' id='word_1_22' title='bbox 953 713 1035 760; x_wconf 87' lang='lat' dir='ltr'>auro</span> <span class='ocrx_word' id='word_1_23' title='bbox 1252 695 1298 760; x_wconf 79' lang='lat'>55</span> 
     </span>
     <span class='ocr_line' id='line_1_5' title="bbox 204 795 943 882; baseline 0.001 -21"><span class='ocrx_word' id='word_1_24' title='bbox 204 811 209 843; x_wconf 70' lang='lat'><strong><em>³</em></strong></span> <span class='ocrx_word' id='word_1_25' title='bbox 250 795 365 862; x_wconf 86' lang='lat' dir='ltr'>Nutrit</span> <span class='ocrx_word' id='word_1_26' title='bbox 376 799 410 862; x_wconf 91' lang='lat' dir='ltr'>in</span> <span class='ocrx_word' id='word_1_27' title='bbox 424 797 572 881; x_wconf 87' lang='lat' dir='ltr'>hospitio</span> <span class='ocrx_word' id='word_1_28' title='bbox 586 816 663 876; x_wconf 91' lang='lat' dir='ltr'>non,</span> <span class='ocrx_word' id='word_1_29' title='bbox 679 797 858 882; x_wconf 81' lang='lat' dir='ltr'>Polydoro,</span> <span class='ocrx_word' id='word_1_30' title='bbox 870 799 943 882; x_wconf 72' lang='lat' dir='ltr'>pio.&#39;</span> 
     </span>
     <span class='ocr_line' id='line_1_6' title="bbox 120 896 1116 984; baseline 0.002 -23"><span class='ocrx_word' id='word_1_31' title='bbox 120 963 125 973; x_wconf 75' lang='grc'><strong><em>,</em></strong></span> <span class='ocrx_word' id='word_1_32' title='bbox 204 896 260 962; x_wconf 86' lang='lat' dir='ltr'>Tu</span> <span class='ocrx_word' id='word_1_33' title='bbox 274 918 406 982; x_wconf 84' lang='lat' dir='ltr'>qnoque</span> <span class='ocrx_word' id='word_1_34' title='bbox 419 903 458 963; x_wconf 86' lang='lat' dir='ltr'>ut</span> <span class='ocrx_word' id='word_1_35' title='bbox 470 897 758 982; x_wconf 83' lang='lat' dir='ltr'>auratos&#39;gereres,</span> <span class='ocrx_word' id='word_1_36' title='bbox 773 899 943 984; x_wconf 83' lang='lat' dir='ltr'>Eriphyla,</span> <span class='ocrx_word' id='word_1_37' title='bbox 958 901 1116 976; x_wconf 85' lang='lat' dir='ltr'>lacertos,</span> 
     </span>
     <span class='ocr_line' id='line_1_7' title="bbox 248 997 1001 1086; baseline -0.001 -20"><span class='ocrx_word' id='word_1_38' title='bbox 248 997 402 1086; x_wconf 81' lang='lat' dir='ltr'>Dilapsis</span> <span class='ocrx_word' id='word_1_39' title='bbox 416 1020 581 1086; x_wconf 88' lang='lat' dir='ltr'>nusquam</span> <span class='ocrx_word' id='word_1_40' title='bbox 590 1007 641 1067; x_wconf 87' lang='lat' dir='ltr'>esi</span> <span class='ocrx_word' id='word_1_41' title='bbox 654 1002 881 1086; x_wconf 85' lang='lat' dir='ltr'>Amphiaraus</span> <span class='ocrx_word' id='word_1_42' title='bbox 893 1003 1001 1086; x_wconf 88' lang='lat' dir='ltr'>equis.</span> 
     </span>
    </p>
   </div>
   <div class='ocr_carea' id='block_1_3' title="bbox 204 1162 1300 1424">
    <p class='ocr_par' dir='ltr' id='par_1_3' title="bbox 204 1162 1300 1424">
     <span class='ocr_line' id='line_1_8' title="bbox 204 1162 1298 1228; baseline 0.002 -16"><span class='ocrx_word' id='word_1_43' title='bbox 204 1163 305 1214; x_wconf 77' lang='lat' dir='ltr'>inuadit.</span> <span class='ocrx_word' id='word_1_44' title='bbox 337 1164 386 1214; x_wconf 78' lang='lat' dir='ltr'>Sed</span> <span class='ocrx_word' id='word_1_45' title='bbox 396 1180 462 1215; x_wconf 81' lang='lat' dir='ltr'>raom</span> <span class='ocrx_word' id='word_1_46' title='bbox 470 1179 566 1215; x_wconf 68' lang='lat' dir='ltr'>maso</span> <span class='ocrx_word' id='word_1_47' title='bbox 575 1167 694 1216; x_wconf 78' lang='lat' dir='ltr'>committe</span> <span class='ocrx_word' id='word_1_48' title='bbox 702 1167 819 1228; x_wconf 71' lang='lat' dir='ltr'>harr&#39;fem</span> <span class='ocrx_word' id='word_1_49' title='bbox 830 1168 944 1216; x_wconf 71' lang='lat' dir='ltr'>Parnassi</span> <span class='ocrx_word' id='word_1_50' title='bbox 958 1167 1023 1215; x_wconf 76' lang='lat' dir='ltr'>airas</span> <span class='ocrx_word' id='word_1_51' title='bbox 1034 1165 1092 1228; x_wconf 74' lang='lat' dir='ltr'>gelu</span> <span class='ocrx_word' id='word_1_52' title='bbox 1101 1165 1198 1214; x_wconf 68' lang='lat' dir='ltr'>riardus</span> <span class='ocrx_word' id='word_1_53' title='bbox 1212 1162 1298 1228; x_wconf 70' lang='lat' dir='ltr'>affudit</span> 
     </span>
     <span class='ocr_line' id='line_1_9' title="bbox 204 1229 1298 1296; baseline 0.003 -21"><span class='ocrx_word' id='word_1_54' title='bbox 204 1229 231 1276; x_wconf 80' lang='lat' dir='ltr'>ia</span> <span class='ocrx_word' id='word_1_55' title='bbox 241 1229 323 1277; x_wconf 83' lang='lat' dir='ltr'>Gallos</span> <span class='ocrx_word' id='word_1_56' title='bbox 333 1231 429 1296; x_wconf 83' lang='lat' dir='ltr'>milites.</span> <span class='ocrx_word' id='word_1_57' title='bbox 463 1229 487 1279; x_wconf 93' lang='lat'>0</span> <span class='ocrx_word' id='word_1_58' title='bbox 503 1231 525 1279; x_wconf 89' lang='lat' dir='ltr'>P</span> <span class='ocrx_word' id='word_1_59' title='bbox 563 1232 628 1291; x_wconf 84' lang='lat' dir='ltr'>dore,</span> <span class='ocrx_word' id='word_1_60' title='bbox 638 1232 726 1281; x_wconf 79' lang='lat' dir='ltr'>crimea</span> <span class='ocrx_word' id='word_1_61' title='bbox 738 1232 907 1296; x_wconf 72' lang='lat' dir='ltr'>Polymestoris</span> <span class='ocrx_word' id='word_1_62' title='bbox 919 1231 1027 1289; x_wconf 69' lang='lat' dir='ltr'>Thracis,</span> <span class='ocrx_word' id='word_1_63' title='bbox 1036 1236 1129 1291; x_wconf 79' lang='lat' dir='ltr'>accepto</span> <span class='ocrx_word' id='word_1_64' title='bbox 1140 1244 1209 1290; x_wconf 77' lang='lat' dir='ltr'>saro,</span> <span class='ocrx_word' id='word_1_65' title='bbox 1226 1229 1298 1294; x_wconf 78' lang='lat' dir='ltr'>impio</span> 
     </span>
     <span class='ocr_line' id='line_1_10' title="bbox 205 1293 1300 1360; baseline 0.001 -20"><span class='ocrx_word' id='word_1_66' title='bbox 205 1295 231 1340; x_wconf 84' lang='lat' dir='ltr'>is</span> <span class='ocrx_word' id='word_1_67' title='bbox 239 1293 331 1356; x_wconf 59' lang='lat' dir='ltr'>acepit</span> <span class='ocrx_word' id='word_1_68' title='bbox 338 1293 449 1357; x_wconf 71' lang='lat' dir='ltr'>bospitio.</span> <span class='ocrx_word' id='word_1_69' title='bbox 476 1295 512 1344; x_wconf 78' lang='lat' dir='ltr'>lit</span> <span class='ocrx_word' id='word_1_70' title='bbox 521 1300 603 1355; x_wconf 84' lang='lat' dir='ltr'>eitum,</span> <span class='ocrx_word' id='word_1_71' title='bbox 615 1309 629 1344; x_wconf 89' lang='lat' dir='ltr'>n</span> <span class='ocrx_word' id='word_1_72' title='bbox 640 1295 764 1360; x_wconf 80' lang='lat' dir='ltr'>Eriphyle,</span> <span class='ocrx_word' id='word_1_73' title='bbox 774 1302 801 1346; x_wconf 83' lang='lat' dir='ltr'>tsi</span> <span class='ocrx_word' id='word_1_74' title='bbox 811 1297 909 1345; x_wconf 79' lang='lat' dir='ltr'>bodam</span> <span class='ocrx_word' id='word_1_75' title='bbox 917 1311 976 1344; x_wconf 84' lang='lat' dir='ltr'>auro</span> <span class='ocrx_word' id='word_1_76' title='bbox 986 1300 1071 1343; x_wconf 78' lang='lat' dir='ltr'>orasis</span> <span class='ocrx_word' id='word_1_77' title='bbox 1081 1293 1185 1354; x_wconf 79' lang='lat' dir='ltr'>brasiis,</span> <span class='ocrx_word' id='word_1_78' title='bbox 1200 1293 1300 1357; x_wconf 73' lang='lat' dir='ltr'>Amphi·</span> 
     </span>
     <span class='ocr_line' id='line_1_11' title="bbox 204 1358 1299 1424; baseline 0.002 -18"><span class='ocrx_word' id='word_1_79' title='bbox 204 1369 276 1406; x_wconf 81' lang='lat' dir='ltr'>araus</span> <span class='ocrx_word' id='word_1_80' title='bbox 286 1363 363 1408; x_wconf 84' lang='lat' dir='ltr'>terrae</span> <span class='ocrx_word' id='word_1_81' title='bbox 373 1360 447 1409; x_wconf 85' lang='lat' dir='ltr'>biatu</span> <span class='ocrx_word' id='word_1_82' title='bbox 456 1359 572 1410; x_wconf 71' lang='lat' dir='ltr'>dissitis</span> <span class='ocrx_word' id='word_1_83' title='bbox 581 1359 648 1422; x_wconf 72' lang='lat' dir='ltr'>equis</span> <span class='ocrx_word' id='word_1_84' title='bbox 663 1361 768 1410; x_wconf 78' lang='lat' dir='ltr'>interiit.</span> <span class='ocrx_word' id='word_1_85' title='bbox 800 1362 899 1423; x_wconf 76' lang='lat' dir='ltr'>Aperte,</span> <span class='ocrx_word' id='word_1_86' title='bbox 909 1359 978 1424; x_wconf 86' lang='lat' dir='ltr'>qnod</span> <span class='ocrx_word' id='word_1_87' title='bbox 989 1359 1083 1421; x_wconf 86' lang='lat' dir='ltr'>sentio,</span> <span class='ocrx_word' id='word_1_88' title='bbox 1093 1359 1180 1421; x_wconf 65' lang='lat' dir='ltr'>dmum,</span> <span class='ocrx_word' id='word_1_89' title='bbox 1195 1363 1219 1408; x_wconf 85' lang='lat' dir='ltr'>et</span> <span class='ocrx_word' id='word_1_90' title='bbox 1230 1358 1299 1408; x_wconf 72' lang='lat' dir='ltr'>setta</span> 
     </span>
    </p>
   </div>
   <div class='ocr_carea' id='block_1_4' title="bbox 654 1471 834 1491">
    <p class='ocr_par' dir='ltr' id='par_1_4' title="bbox 654 1471 834 1491">
     <span class='ocr_line' id='line_1_12' title="bbox 654 1471 834 1491; baseline 0.006 -1"><span class='ocrx_word' id='word_1_91' title='bbox 654 1471 834 1491; x_wconf 59' lang='lat' dir='ltr'>‘ettennon</span> 
     </span>
    </p>
   </div>
   <div class='ocr_carea' id='block_1_5' title="bbox 156 1540 1304 2765">
    <p class='ocr_par' dir='ltr' id='par_1_5' title="bbox 156 1540 1304 2765">
     <span class='ocr_line' id='line_1_13' title="bbox 205 1540 1302 1659; baseline -0.001 -2"><span class='ocrx_word' id='word_1_92' title='bbox 205 1540 1302 1659; x_wconf 45' lang='grc' dir='ltr'>Ἣῦῃέἁῖἷῖἷῖ.Ἥῗῑῖ,ἱῃνῗῖιῖἶίῃῖἱᾱῗιῗῗὲιῗῖῗὲιοόιῖῗῖ’ἷιῐῖῧῗῖῗωξΐηωῖ</span> 
     </span>
     <span class='ocr_line' id='line_1_14' title="bbox 202 1669 1301 1736; baseline -0.001 -15"><span class='ocrx_word' id='word_1_93' title='bbox 202 1669 316 1736; x_wconf 67' lang='grc' dir='ltr'>χάλαζαν</span> <span class='ocrx_word' id='word_1_94' title='bbox 335 1672 421 1735; x_wconf 73' lang='lat' dir='ltr'>signif.</span> <span class='ocrx_word' id='word_1_95' title='bbox 439 1685 516 1735; x_wconf 88' lang='lat' dir='ltr'>quam</span> <span class='ocrx_word' id='word_1_96' title='bbox 537 1671 623 1720; x_wconf 85' lang='lat' dir='ltr'>Sobol.</span> <span class='ocrx_word' id='word_1_97' title='bbox 644 1670 747 1720; x_wconf 83' lang='lat' dir='ltr'>Gallim.</span> <span class='ocrx_word' id='word_1_98' title='bbox 763 1671 861 1723; x_wconf 64' lang='lat' dir='ltr'>habet?</span> <span class='ocrx_word' id='word_1_99' title='bbox 885 1672 976 1721; x_wconf 83' lang='lat' dir='ltr'>Barib.</span> <span class='ocrx_word' id='word_1_100' title='bbox 1010 1671 1107 1721; x_wconf 74' lang='lat' dir='ltr'>‘Dirum</span> <span class='ocrx_word' id='word_1_101' title='bbox 1127 1678 1200 1718; x_wconf 84' lang='lat' dir='ltr'>recte</span> <span class='ocrx_word' id='word_1_102' title='bbox 1214 1675 1301 1720; x_wconf 84' lang='lat' dir='ltr'>tuetur</span> 
     </span>
     <span class='ocr_line' id='line_1_15' title="bbox 203 1732 1300 1801; baseline 0 -16"><span class='ocrx_word' id='word_1_103' title='bbox 203 1735 320 1786; x_wconf 83' lang='lat' dir='ltr'>Broukli.</span> <span class='ocrx_word' id='word_1_104' title='bbox 329 1737 396 1801; x_wconf 83' lang='lat' dir='ltr'>quod</span> <span class='ocrx_word' id='word_1_105' title='bbox 408 1737 512 1784; x_wconf 82' lang='lat' dir='ltr'>firmant</span> <span class='ocrx_word' id='word_1_106' title='bbox 523 1734 599 1784; x_wconf 88' lang='lat' dir='ltr'>Perr.</span> <span class='ocrx_word' id='word_1_107' title='bbox 611 1749 637 1783; x_wconf 87' lang='lat' dir='ltr'>v.</span> <span class='ocrx_word' id='word_1_108' title='bbox 647 1749 671 1786; x_wconf 84' lang='lat' dir='ltr'>c.</span> <span class='ocrx_word' id='word_1_109' title='bbox 683 1736 758 1787; x_wconf 89' lang='lat' dir='ltr'>Borr.</span> <span class='ocrx_word' id='word_1_110' title='bbox 768 1737 881 1786; x_wconf 87' lang='lat' dir='ltr'>Mentei.</span> <span class='ocrx_word' id='word_1_111' title='bbox 889 1737 973 1799; x_wconf 90' lang='lat' dir='ltr'>Neap.</span> <span class='ocrx_word' id='word_1_112' title='bbox 985 1735 1113 1798; x_wconf 79' lang='lat' dir='ltr'>(lroniug.</span> <span class='ocrx_word' id='word_1_113' title='bbox 1124 1732 1300 1797; x_wconf 70' lang='lat' dir='ltr'>[Bon.]iiari0</span> 
     </span>
     <span class='ocr_line' id='line_1_16' title="bbox 203 1799 1302 1865; baseline 0.001 -17"><span class='ocrx_word' id='word_1_114' title='bbox 203 1807 233 1850; x_wconf 87' lang='lat' dir='ltr'>st</span> <span class='ocrx_word' id='word_1_115' title='bbox 244 1801 287 1849; x_wconf 91' lang='lat' dir='ltr'>alii</span> <span class='ocrx_word' id='word_1_116' title='bbox 298 1817 305 1849; x_wconf 73' lang='grc' dir='ltr'><strong>ε</strong></span> <span class='ocrx_word' id='word_1_117' title='bbox 322 1799 384 1849; x_wconf 83' lang='lat' dir='ltr'>licet</span> <span class='ocrx_word' id='word_1_118' title='bbox 394 1799 480 1850; x_wconf 86' lang='lat' dir='ltr'>editor</span> <span class='ocrx_word' id='word_1_119' title='bbox 490 1800 573 1849; x_wconf 74' lang='lat' dir='ltr'>Eiect</span> <span class='ocrx_word' id='word_1_120' title='bbox 584 1799 680 1850; x_wconf 84' lang='lat' dir='ltr'>Minor.</span> <span class='ocrx_word' id='word_1_121' title='bbox 690 1802 766 1853; x_wconf 81' lang='lat' dir='ltr'>Eion</span> <span class='ocrx_word' id='word_1_122' title='bbox 777 1815 803 1863; x_wconf 82' lang='lat' dir='ltr'>p.</span> <span class='ocrx_word' id='word_1_123' title='bbox 813 1806 871 1851; x_wconf 70' lang='lat'><strong>12⁴.</strong></span> <span class='ocrx_word' id='word_1_124' title='bbox 882 1815 930 1865; x_wconf 92' lang='lat' dir='ltr'>per</span> <span class='ocrx_word' id='word_1_125' title='bbox 938 1802 1011 1850; x_wconf 82' lang='lat' dir='ltr'>daras</span> <span class='ocrx_word' id='word_1_126' title='bbox 1018 1800 1130 1862; x_wconf 78' lang='lat' dir='ltr'>intelligi</span> <span class='ocrx_word' id='word_1_127' title='bbox 1140 1812 1216 1861; x_wconf 87' lang='lat' dir='ltr'>posse</span> <span class='ocrx_word' id='word_1_128' title='bbox 1227 1807 1302 1850; x_wconf 81' lang='lat' dir='ltr'>notet</span> 
     </span>
     <span class='ocr_line' id='line_1_17' title="bbox 203 1864 1300 1928; baseline -0.001 -14"><span class='ocrx_word' id='word_1_129' title='bbox 203 1864 356 1928; x_wconf 67' lang='lat' dir='ltr'>grandinant</span> <span class='ocrx_word' id='word_1_130' title='bbox 367 1873 395 1914; x_wconf 82' lang='lat' dir='ltr'>at</span> <span class='ocrx_word' id='word_1_131' title='bbox 405 1865 492 1914; x_wconf 83' lang='lat' dir='ltr'>nivem</span> <span class='ocrx_word' id='word_1_132' title='bbox 502 1873 669 1913; x_wconf 79' lang='lat' dir='ltr'>concretam:</span> <span class='ocrx_word' id='word_1_133' title='bbox 687 1871 714 1914; x_wconf 88' lang='lat' dir='ltr'>et</span> <span class='ocrx_word' id='word_1_134' title='bbox 726 1866 764 1915; x_wconf 87' lang='lat' dir='ltr'>sio</span> <span class='ocrx_word' id='word_1_135' title='bbox 776 1866 872 1915; x_wconf 82' lang='lat' dir='ltr'>Mariti.</span> <span class='ocrx_word' id='word_1_136' title='bbox 888 1870 939 1916; x_wconf 80' lang='lat' dir='ltr'>Asi</span> <span class='ocrx_word' id='word_1_137' title='bbox 949 1867 1028 1927; x_wconf 72' lang='lat' dir='ltr'>Regg.</span> <span class='ocrx_word' id='word_1_138' title='bbox 1040 1865 1174 1915; x_wconf 84' lang='lat' dir='ltr'>Coibertt.</span> <span class='ocrx_word' id='word_1_139' title='bbox 1185 1865 1262 1912; x_wconf 87' lang='lat' dir='ltr'>Voss.</span> <span class='ocrx_word' id='word_1_140' title='bbox 1276 1869 1300 1913; x_wconf 91' lang='grc'>1.</span> 
     </span>
     <span class='ocr_line' id='line_1_18' title="bbox 203 1927 1302 1994; baseline 0 -16"><span class='ocrx_word' id='word_1_141' title='bbox 203 1933 233 1978; x_wconf 83' lang='lat' dir='ltr'>et</span> <span class='ocrx_word' id='word_1_142' title='bbox 262 1928 336 1978; x_wconf 63' lang='lat' dir='ltr'>rison</span> <span class='ocrx_word' id='word_1_143' title='bbox 346 1928 407 1979; x_wconf 86' lang='lat' dir='ltr'>edd.</span> <span class='ocrx_word' id='word_1_144' title='bbox 429 1928 528 1978; x_wconf 78' lang='lat' dir='ltr'>Mosin</span> <span class='ocrx_word' id='word_1_145' title='bbox 546 1943 604 1978; x_wconf 80' lang='lat' dir='ltr'>meo</span> <span class='ocrx_word' id='word_1_146' title='bbox 615 1933 640 1978; x_wconf 75' lang='lat'>².</span> <span class='ocrx_word' id='word_1_147' title='bbox 657 1928 778 1991; x_wconf 74' lang='lat' dir='ltr'>Aurigam</span> <span class='ocrx_word' id='word_1_148' title='bbox 794 1931 880 1994; x_wconf 84' lang='lat' dir='ltr'>Neap.</span> <span class='ocrx_word' id='word_1_149' title='bbox 899 1931 974 1981; x_wconf 90' lang='lat' dir='ltr'>Borr.</span> <span class='ocrx_word' id='word_1_150' title='bbox 992 1931 1069 1994; x_wconf 91' lang='lat' dir='ltr'>[Bon.</span> <span class='ocrx_word' id='word_1_151' title='bbox 1086 1929 1185 1979; x_wconf 84' lang='lat' dir='ltr'>Gnarrt.</span> <span class='ocrx_word' id='word_1_152' title='bbox 1204 1927 1302 1978; x_wconf 75' lang='lat' dir='ltr'>Dresd.</span> 
     </span>
     <span class='ocr_line' id='line_1_19' title="bbox 201 1991 1301 2056; baseline 0.003 -14"><span class='ocrx_word' id='word_1_153' title='bbox 201 1993 245 2042; x_wconf 91' lang='lat' dir='ltr'>Pa</span> <span class='ocrx_word' id='word_1_154' title='bbox 272 1999 291 2044; x_wconf 87' lang='lat' dir='ltr'>i.</span> <span class='ocrx_word' id='word_1_155' title='bbox 307 1992 434 2056; x_wconf 57' lang='lat' dir='ltr'>&amp;Com-1</span> <span class='ocrx_word' id='word_1_156' title='bbox 451 1993 559 2042; x_wconf 79' lang='lat' dir='ltr'>Mentel.</span> <span class='ocrx_word' id='word_1_157' title='bbox 591 1993 725 2042; x_wconf 83' lang='lat' dir='ltr'>Heiuaian.</span> <span class='ocrx_word' id='word_1_158' title='bbox 736 1994 810 2044; x_wconf 88' lang='lat' dir='ltr'>Voss.</span> <span class='ocrx_word' id='word_1_159' title='bbox 825 1999 883 2044; x_wconf 73' lang='lat' dir='ltr'>at.</span> <span class='ocrx_word' id='word_1_160' title='bbox 900 1995 999 2044; x_wconf 80' lang='lat' dir='ltr'>Dorvv.</span> <span class='ocrx_word' id='word_1_161' title='bbox 1010 2001 1036 2043; x_wconf 87' lang='lat' dir='ltr'>et</span> <span class='ocrx_word' id='word_1_162' title='bbox 1047 1991 1301 2045; x_wconf 63' lang='lat' dir='ltr'>annaeotbssttm.</span> 
     </span>
     <span class='ocr_line' id='line_1_20' title="bbox 204 2056 1300 2121; baseline 0.001 -14"><span class='ocrx_word' id='word_1_163' title='bbox 204 2061 269 2107; x_wconf 73' lang='lat' dir='ltr'>-sd</span> <span class='ocrx_word' id='word_1_164' title='bbox 286 2057 336 2106; x_wconf 86' lang='lat' dir='ltr'>‘ln</span> <span class='ocrx_word' id='word_1_165' title='bbox 348 2056 475 2121; x_wconf 78' lang='lat' dir='ltr'>Groning.</span> <span class='ocrx_word' id='word_1_166' title='bbox 493 2057 568 2108; x_wconf 81' lang='lat' dir='ltr'>Borr.</span> <span class='ocrx_word' id='word_1_167' title='bbox 588 2057 667 2107; x_wconf 81' lang='lat' dir='ltr'>Mens.</span> <span class='ocrx_word' id='word_1_168' title='bbox 686 2058 717 2108; x_wconf 89' lang='lat' dir='ltr'>C.</span> <span class='ocrx_word' id='word_1_169' title='bbox 729 2058 802 2109; x_wconf 86' lang='lat' dir='ltr'>Com.</span> <span class='ocrx_word' id='word_1_170' title='bbox 822 2068 851 2109; x_wconf 81' lang='lat' dir='ltr'>at</span> <span class='ocrx_word' id='word_1_171' title='bbox 868 2059 963 2108; x_wconf 84' lang='lat' dir='ltr'>nostris</span> <span class='ocrx_word' id='word_1_172' title='bbox 973 2058 1103 2118; x_wconf 73' lang='lat' dir='ltr'>Parauaea,</span> <span class='ocrx_word' id='word_1_173' title='bbox 1116 2071 1166 2106; x_wconf 85' lang='lat' dir='ltr'>non</span> <span class='ocrx_word' id='word_1_174' title='bbox 1180 2056 1300 2108; x_wconf 74' lang='lat' dir='ltr'>Parnasi:</span> 
     </span>
     <span class='ocr_line' id='line_1_21' title="bbox 204 2120 1304 2188; baseline -0.001 -18"><span class='ocrx_word' id='word_1_175' title='bbox 204 2121 275 2185; x_wconf 78' lang='lat' dir='ltr'>qnod</span> <span class='ocrx_word' id='word_1_176' title='bbox 298 2129 383 2175; x_wconf 85' lang='lat' dir='ltr'>tamen</span> <span class='ocrx_word' id='word_1_177' title='bbox 395 2122 454 2172; x_wconf 83' lang='lat' dir='ltr'>eod.</span> <span class='ocrx_word' id='word_1_178' title='bbox 468 2122 544 2170; x_wconf 80' lang='lat' dir='ltr'>redit.</span> <span class='ocrx_word' id='word_1_179' title='bbox 576 2120 610 2170; x_wconf 91' lang='lat' dir='ltr'>lu</span> <span class='ocrx_word' id='word_1_180' title='bbox 626 2121 754 2186; x_wconf 80' lang='lat' dir='ltr'>Groning.</span> <span class='ocrx_word' id='word_1_181' title='bbox 771 2138 824 2186; x_wconf 82' lang='lat' dir='ltr'>ora,</span> <span class='ocrx_word' id='word_1_182' title='bbox 844 2121 871 2172; x_wconf 87' lang='lat' dir='ltr'>id</span> <span class='ocrx_word' id='word_1_183' title='bbox 883 2123 956 2188; x_wconf 79' lang='lat' dir='ltr'>&#39;qnod</span> <span class='ocrx_word' id='word_1_184' title='bbox 976 2123 1081 2172; x_wconf 87' lang='lat' dir='ltr'>minime</span> <span class='ocrx_word' id='word_1_185' title='bbox 1092 2123 1197 2183; x_wconf 86' lang='lat' dir='ltr'>insuper</span> <span class='ocrx_word' id='word_1_186' title='bbox 1208 2128 1248 2170; x_wconf 83' lang='lat' dir='ltr'>est</span> <span class='ocrx_word' id='word_1_187' title='bbox 1259 2121 1304 2169; x_wconf 83' lang='lat' dir='ltr'>ira·</span> 
     </span>
     <span class='ocr_line' id='line_1_22' title="bbox 202 2184 1303 2250; baseline 0.001 -16"><span class='ocrx_word' id='word_1_188' title='bbox 202 2184 289 2235; x_wconf 70' lang='lat' dir='ltr'>bend!</span> <span class='ocrx_word' id='word_1_189' title='bbox 312 2186 420 2236; x_wconf 81' lang='lat' dir='ltr'>Broaldt.</span> <span class='ocrx_word' id='word_1_190' title='bbox 454 2185 570 2236; x_wconf 84' lang='lat' dir='ltr'>‘Callida</span> <span class='ocrx_word' id='word_1_191' title='bbox 591 2185 665 2240; x_wconf 80' lang='lat' dir='ltr'>Bria.</span> <span class='ocrx_word' id='word_1_192' title='bbox 688 2187 812 2236; x_wconf 77' lang='lat' dir='ltr'>Porrima</span> <span class='ocrx_word' id='word_1_193' title='bbox 832 2189 899 2237; x_wconf 89' lang='lat' dir='ltr'>Bon.</span> <span class='ocrx_word' id='word_1_194' title='bbox 934 2189 985 2236; x_wconf 63' lang='grc' dir='ltr'>θαι</span> <span class='ocrx_word' id='word_1_195' title='bbox 1009 2201 1098 2250; x_wconf 85' lang='lat' dir='ltr'>recep.</span> <span class='ocrx_word' id='word_1_196' title='bbox 1119 2186 1198 2249; x_wconf 77' lang='lat' dir='ltr'>i&#39;nlp.</span> <span class='ocrx_word' id='word_1_197' title='bbox 1217 2185 1303 2235; x_wconf 70' lang='lat' dir='ltr'>Gutt!</span> 
     </span>
     <span class='ocr_line' id='line_1_23' title="bbox 202 2249 1300 2315; baseline 0.002 -17"><span class='ocrx_word' id='word_1_198' title='bbox 202 2249 293 2299; x_wconf 75' lang='lat' dir='ltr'>Basili.</span> <span class='ocrx_word' id='word_1_199' title='bbox 302 2250 310 2278; x_wconf 89' lang='lat'><strong>‘</strong></span> <span class='ocrx_word' id='word_1_200' title='bbox 320 2249 350 2299; x_wconf 89' lang='lat' dir='ltr'>iu</span> <span class='ocrx_word' id='word_1_201' title='bbox 360 2265 410 2300; x_wconf 85' lang='lat' dir='ltr'>nno</span> <span class='ocrx_word' id='word_1_202' title='bbox 422 2249 496 2300; x_wconf 84' lang='lat' dir='ltr'>Coih.</span> <span class='ocrx_word' id='word_1_203' title='bbox 516 2251 611 2299; x_wconf 81' lang='lat' dir='ltr'>Callida</span> <span class='ocrx_word' id='word_1_204' title='bbox 622 2251 739 2300; x_wconf 78' lang='lat' dir='ltr'>Parnasi:</span> <span class='ocrx_word' id='word_1_205' title='bbox 751 2261 779 2301; x_wconf 88' lang='lat' dir='ltr'>nt</span> <span class='ocrx_word' id='word_1_206' title='bbox 788 2259 828 2301; x_wconf 80' lang='lat' dir='ltr'>est</span> <span class='ocrx_word' id='word_1_207' title='bbox 839 2267 881 2315; x_wconf 87' lang='lat' dir='ltr'>ap.</span> <span class='ocrx_word' id='word_1_208' title='bbox 895 2252 957 2302; x_wconf 87' lang='lat' dir='ltr'>Oet.</span> <span class='ocrx_word' id='word_1_209' title='bbox 966 2251 1080 2300; x_wconf 81' lang='lat' dir='ltr'>Miranti.</span> <span class='ocrx_word' id='word_1_210' title='bbox 1093 2249 1211 2299; x_wconf 83' lang='lat' dir='ltr'>inVirid.</span> <span class='ocrx_word' id='word_1_211' title='bbox 1221 2250 1300 2300; x_wconf 68' lang='lat' dir='ltr'>Post.</span> 
     </span>
     <span class='ocr_line' id='line_1_24' title="bbox 203 2312 1303 2379; baseline 0.001 -17"><span class='ocrx_word' id='word_1_212' title='bbox 203 2312 252 2364; x_wconf 82' lang='lat' dir='ltr'>iol.</span> <span class='ocrx_word' id='word_1_213' title='bbox 262 2317 318 2364; x_wconf 81' lang='lat'>184.</span> <span class='ocrx_word' id='word_1_214' title='bbox 331 2315 448 2377; x_wconf 60' lang='lat' dir='ltr'>Rhagai</span> <span class='ocrx_word' id='word_1_215' title='bbox 459 2315 545 2365; x_wconf 84' lang='lat' dir='ltr'>Volsci</span> <span class='ocrx_word' id='word_1_216' title='bbox 556 2330 564 2364; x_wconf 77' lang='lat' dir='ltr'>a</span> <span class='ocrx_word' id='word_1_217' title='bbox 586 2315 656 2379; x_wconf 83' lang='lat' dir='ltr'>qnod</span> <span class='ocrx_word' id='word_1_218' title='bbox 668 2314 728 2364; x_wconf 88' lang='lat' dir='ltr'>inde</span> <span class='ocrx_word' id='word_1_219' title='bbox 738 2317 822 2379; x_wconf 83' lang='lat' dir='ltr'>venit,</span> <span class='ocrx_word' id='word_1_220' title='bbox 831 2318 893 2378; x_wconf 81' lang='lat' dir='ltr'>quia</span> <span class='ocrx_word' id='word_1_221' title='bbox 903 2318 930 2365; x_wconf 90' lang='lat' dir='ltr'>in</span> <span class='ocrx_word' id='word_1_222' title='bbox 943 2317 999 2365; x_wconf 86' lang='lat' dir='ltr'>aliis</span> <span class='ocrx_word' id='word_1_223' title='bbox 1010 2315 1099 2364; x_wconf 78' lang='lat' dir='ltr'>Gallico</span> <span class='ocrx_word' id='word_1_224' title='bbox 1107 2315 1232 2378; x_wconf 83' lang='lat' dir='ltr'>scriptum</span> <span class='ocrx_word' id='word_1_225' title='bbox 1243 2313 1303 2376; x_wconf 84' lang='lat' dir='ltr'>init,</span> 
     </span>
     <span class='ocr_line' id='line_1_25' title="bbox 203 2379 1304 2443; baseline 0.002 -17"><span class='ocrx_word' id='word_1_226' title='bbox 203 2384 235 2426; x_wconf 86' lang='lat' dir='ltr'>ut</span> <span class='ocrx_word' id='word_1_227' title='bbox 243 2391 365 2429; x_wconf 84' lang='lat' dir='ltr'>excusum</span> <span class='ocrx_word' id='word_1_228' title='bbox 376 2387 417 2428; x_wconf 86' lang='lat' dir='ltr'>est</span> <span class='ocrx_word' id='word_1_229' title='bbox 428 2380 454 2428; x_wconf 90' lang='lat' dir='ltr'>in</span> <span class='ocrx_word' id='word_1_230' title='bbox 466 2379 559 2428; x_wconf 86' lang='lat' dir='ltr'>Venet.</span> <span class='ocrx_word' id='word_1_231' title='bbox 569 2383 593 2429; x_wconf 73' lang='lat'>2.</span> <span class='ocrx_word' id='word_1_232' title='bbox 605 2379 725 2428; x_wconf 75' lang='lat' dir='ltr'>Persuasus</span> <span class='ocrx_word' id='word_1_233' title='bbox 734 2380 819 2443; x_wconf 83' lang='lat' dir='ltr'>Neap.</span> <span class='ocrx_word' id='word_1_234' title='bbox 828 2382 920 2431; x_wconf 68' lang='lat' dir='ltr'>Vati.</span> <span class='ocrx_word' id='word_1_235' title='bbox 930 2381 1041 2430; x_wconf 86' lang='lat' dir='ltr'>Mentei.</span> <span class='ocrx_word' id='word_1_236' title='bbox 1053 2380 1189 2429; x_wconf 84' lang='lat' dir='ltr'>Heinsian.</span> <span class='ocrx_word' id='word_1_237' title='bbox 1199 2379 1304 2428; x_wconf 77' lang='lat' dir='ltr'>Parnasi</span> 
     </span>
     <span class='ocr_line' id='line_1_26' title="bbox 203 2441 1301 2497; baseline 0.004 -7"><span class='ocrx_word' id='word_1_238' title='bbox 203 2441 288 2493; x_wconf 77' lang='lat' dir='ltr'>Duru.</span> <span class='ocrx_word' id='word_1_239' title='bbox 300 2447 323 2494; x_wconf 90' lang='lat'>1.</span> <span class='ocrx_word' id='word_1_240' title='bbox 341 2444 453 2494; x_wconf 75' lang='lat' dir='ltr'>Parnassi</span> <span class='ocrx_word' id='word_1_241' title='bbox 464 2458 535 2493; x_wconf 81' lang='lat' dir='ltr'>meus</span> <span class='ocrx_word' id='word_1_242' title='bbox 543 2447 567 2494; x_wconf 68' lang='lat' dir='ltr'>i.</span> <span class='ocrx_word' id='word_1_243' title='bbox 586 2444 722 2493; x_wconf 76' lang='lat' dir='ltr'>Moxmmo</span> <span class='ocrx_word' id='word_1_244' title='bbox 733 2445 759 2493; x_wconf 90' lang='lat' dir='ltr'>itt</span> <span class='ocrx_word' id='word_1_245' title='bbox 771 2445 862 2497; x_wconf 86' lang='lat' dir='ltr'>Leidd.</span> <span class='ocrx_word' id='word_1_246' title='bbox 881 2445 964 2495; x_wconf 87' lang='lat' dir='ltr'>tribus</span> <span class='ocrx_word' id='word_1_247' title='bbox 975 2446 1050 2494; x_wconf 86' lang='lat' dir='ltr'>Voss.</span> <span class='ocrx_word' id='word_1_248' title='bbox 1062 2444 1124 2493; x_wconf 74' lang='lat' dir='ltr'>Aet.</span> <span class='ocrx_word' id='word_1_249' title='bbox 1133 2445 1232 2493; x_wconf 76' lang='lat' dir='ltr'>Dorus.</span> <span class='ocrx_word' id='word_1_250' title='bbox 1242 2457 1301 2494; x_wconf 80' lang='lat' dir='ltr'>meo</span> 
     </span>
     <span class='ocr_line' id='line_1_27' title="bbox 203 2506 1302 2573; baseline 0.001 -17"><span class='ocrx_word' id='word_1_251' title='bbox 203 2509 230 2556; x_wconf 73' lang='lat'>2·</span> <span class='ocrx_word' id='word_1_252' title='bbox 237 2513 265 2556; x_wconf 85' lang='lat' dir='ltr'>et</span> <span class='ocrx_word' id='word_1_253' title='bbox 272 2523 313 2569; x_wconf 87' lang='lat' dir='ltr'>ap.</span> <span class='ocrx_word' id='word_1_254' title='bbox 327 2509 389 2558; x_wconf 83' lang='lat' dir='ltr'>Oet.</span> <span class='ocrx_word' id='word_1_255' title='bbox 400 2507 514 2558; x_wconf 86' lang='lat' dir='ltr'>Mirand.</span> <span class='ocrx_word' id='word_1_256' title='bbox 523 2507 568 2557; x_wconf 83' lang='lat' dir='ltr'>aed</span> <span class='ocrx_word' id='word_1_257' title='bbox 576 2522 618 2556; x_wconf 85' lang='lat' dir='ltr'>oro</span> <span class='ocrx_word' id='word_1_258' title='bbox 628 2506 735 2569; x_wconf 71' lang='lat' dir='ltr'>praefert</span> <span class='ocrx_word' id='word_1_259' title='bbox 744 2509 857 2558; x_wconf 82' lang='lat' dir='ltr'>Broukb.</span> <span class='ocrx_word' id='word_1_260' title='bbox 865 2510 993 2573; x_wconf 77' lang='lat' dir='ltr'>probante</span> <span class='ocrx_word' id='word_1_261' title='bbox 1005 2511 1088 2559; x_wconf 82' lang='lat' dir='ltr'>Eleoi.</span> <span class='ocrx_word' id='word_1_262' title='bbox 1096 2510 1173 2558; x_wconf 85' lang='lat' dir='ltr'>Eion.</span> <span class='ocrx_word' id='word_1_263' title='bbox 1182 2507 1302 2568; x_wconf 65' lang='lat' dir='ltr'>editum</span> 
     </span>
     <span class='ocr_line' id='line_1_28' title="bbox 203 2571 1302 2634; baseline 0.003 -14"><span class='ocrx_word' id='word_1_264' title='bbox 203 2573 320 2634; x_wconf 82' lang='lat' dir='ltr'>quamvis</span> <span class='ocrx_word' id='word_1_265' title='bbox 329 2571 668 2624; x_wconf 83' lang='lat' dir='ltr'>dissentientsMarklaudo.</span> <span class='ocrx_word' id='word_1_266' title='bbox 676 2572 847 2622; x_wconf 76' lang='lat' dir='ltr'>Amumalein</span> <span class='ocrx_word' id='word_1_267' title='bbox 858 2575 940 2624; x_wconf 83' lang='lat' dir='ltr'>Borr.’</span> <span class='ocrx_word' id='word_1_268' title='bbox 949 2575 1036 2623; x_wconf 70' lang='lat' dir='ltr'>Bm.</span> <span class='ocrx_word' id='word_1_269' title='bbox 1048 2577 1099 2621; x_wconf 80' lang='lat' dir='ltr'>(ira</span> <span class='ocrx_word' id='word_1_270' title='bbox 1108 2572 1302 2623; x_wconf 80' lang='lat' dir='ltr'>recteBrouirh.</span> 
     </span>
     <span class='ocr_line' id='line_1_29' title="bbox 202 2635 1301 2701; baseline 0 -15"><span class='ocrx_word' id='word_1_271' title='bbox 202 2635 516 2701; x_wconf 70' lang='lat' dir='ltr'>praferrejudioatliuin.</span> <span class='ocrx_word' id='word_1_272' title='bbox 526 2637 598 2700; x_wconf 86' lang='lat' dir='ltr'>enjus</span> <span class='ocrx_word' id='word_1_273' title='bbox 607 2638 667 2686; x_wconf 86' lang='lat' dir='ltr'>leot.</span> <span class='ocrx_word' id='word_1_274' title='bbox 677 2638 756 2687; x_wconf 87' lang='lat' dir='ltr'>totins</span> <span class='ocrx_word' id='word_1_275' title='bbox 763 2638 867 2687; x_wconf 73' lang='lat' dir='ltr'>vadant</span> <span class='ocrx_word' id='word_1_276' title='bbox 875 2639 980 2688; x_wconf 71' lang='lat' dir='ltr'>amit.</span> <span class='ocrx_word' id='word_1_277' title='bbox 988 2639 1083 2688; x_wconf 78' lang='lat' dir='ltr'>1..-ss</span> <span class='ocrx_word' id='word_1_278' title='bbox 1091 2637 1230 2700; x_wconf 79' lang='lat' dir='ltr'>‘Plerique</span> <span class='ocrx_word' id='word_1_279' title='bbox 1239 2637 1301 2686; x_wconf 88' lang='lat' dir='ltr'>libb.</span> 
     </span>
     <span class='ocr_line' id='line_1_30' title="bbox 156 2699 1302 2765; baseline 0 -15"><span class='ocrx_word' id='word_1_280' title='bbox 156 2743 158 2750; x_wconf 80' lang='grc'>,</span> <span class='ocrx_word' id='word_1_281' title='bbox 201 2699 460 2765; x_wconf 62' lang='lat' dir='ltr'>humamanam.</span> <span class='ocrx_word' id='word_1_282' title='bbox 472 2701 610 2751; x_wconf 84' lang='lat' dir='ltr'>lnlleinsii</span> <span class='ocrx_word' id='word_1_283' title='bbox 621 2703 691 2752; x_wconf 85' lang='lat' dir='ltr'>Nota</span> <span class='ocrx_word' id='word_1_284' title='bbox 698 2701 723 2751; x_wconf 92' lang='lat' dir='ltr'>in</span> <span class='ocrx_word' id='word_1_285' title='bbox 732 2703 784 2753; x_wconf 81' lang='lat' dir='ltr'>Os.</span> <span class='ocrx_word' id='word_1_286' title='bbox 793 2716 857 2753; x_wconf 82' lang='lat' dir='ltr'>atri.</span> <span class='ocrx_word' id='word_1_287' title='bbox 866 2703 1017 2754; x_wconf 51' lang='lat' dir='ltr'>Matthia</span> <span class='ocrx_word' id='word_1_288' title='bbox 1025 2703 1042 2751; x_wconf 92' lang='lat' dir='ltr'>i.</span> <span class='ocrx_word' id='word_1_289' title='bbox 1052 2709 1124 2750; x_wconf 82' lang='lat' dir='ltr'>reete</span> <span class='ocrx_word' id='word_1_290' title='bbox 1130 2701 1284 2750; x_wconf 79' lang='lat' dir='ltr'>emendatur</span> <span class='ocrx_word' id='word_1_291' title='bbox 1294 2717 1302 2750; x_wconf 77' lang='lat' dir='ltr'>r</span> 
     </span>
    </p>
   </div>
   <div class='ocr_carea' id='block_1_6' title="bbox 201 2765 1376 2827">
    <p class='ocr_par' dir='ltr' id='par_1_6' title="bbox 201 2765 1376 2827">
     <span class='ocr_line' id='line_1_31' title="bbox 201 2765 1376 2827; baseline 0.002 -15"><span class='ocrx_word' id='word_1_292' title='bbox 201 2765 306 2827; x_wconf 78' lang='lat' dir='ltr'>qaodet</span> <span class='ocrx_word' id='word_1_293' title='bbox 317 2767 426 2816; x_wconf 87' lang='lat' dir='ltr'>Volscus</span> <span class='ocrx_word' id='word_1_294' title='bbox 435 2765 535 2816; x_wconf 81' lang='lat' dir='ltr'>iecerat</span> <span class='ocrx_word' id='word_1_295' title='bbox 545 2765 661 2815; x_wconf 83' lang='lat' dir='ltr'>excodd.</span> <span class='ocrx_word' id='word_1_296' title='bbox 674 2768 790 2816; x_wconf 83' lang='lat' dir='ltr'>vetustis.</span> <span class='ocrx_word' id='word_1_297' title='bbox 824 2767 860 2817; x_wconf 85' lang='lat' dir='ltr'>iis</span> <span class='ocrx_word' id='word_1_298' title='bbox 870 2765 1303 2817; x_wconf 80' lang='lat' dir='ltr'>arincaooedontuostri.&#39;Broaltii.</span> <span class='ocrx_word' id='word_1_299' title='bbox 1372 2815 1376 2823; x_wconf 77' lang='grc'>,</span> 
     </span>
    </p>
   </div>
   <div class='ocr_carea' id='block_1_7' title="bbox 200 2829 1304 3144">
    <p class='ocr_par' dir='ltr' id='par_1_7' title="bbox 200 2829 1304 3144">
     <span class='ocr_line' id='line_1_32' title="bbox 202 2829 1303 2896; baseline 0.003 -20"><span class='ocrx_word' id='word_1_300' title='bbox 202 2830 210 2856; x_wconf 77' lang='lat'>⁸</span> <span class='ocrx_word' id='word_1_301' title='bbox 225 2829 332 2893; x_wconf 73' lang='lat' dir='ltr'>Polytau.</span> <span class='ocrx_word' id='word_1_302' title='bbox 347 2831 433 2894; x_wconf 71' lang='lat' dir='ltr'>vuigg.</span> <span class='ocrx_word' id='word_1_303' title='bbox 450 2831 579 2894; x_wconf 74' lang='lat' dir='ltr'>Polystrati.</span> <span class='ocrx_word' id='word_1_304' title='bbox 589 2830 649 2879; x_wconf 89' lang='lat' dir='ltr'>Vat.</span> <span class='ocrx_word' id='word_1_305' title='bbox 666 2829 757 2880; x_wconf 87' lang='lat' dir='ltr'>Posth.</span> <span class='ocrx_word' id='word_1_306' title='bbox 772 2832 869 2881; x_wconf 88' lang='lat' dir='ltr'>Dresd.</span> <span class='ocrx_word' id='word_1_307' title='bbox 902 2830 1236 2896; x_wconf 63' lang='lat' dir='ltr'>[nuenarianam]</span> <span class='ocrx_word' id='word_1_308' title='bbox 1270 2830 1303 2879; x_wconf 78' lang='lat' dir='ltr'>Ta</span> 
     </span>
     <span class='ocr_line' id='line_1_33' title="bbox 200 2891 1304 2956; baseline 0.003 -15"><span class='ocrx_word' id='word_1_309' title='bbox 200 2891 290 2942; x_wconf 80' lang='lat' dir='ltr'>Volso.</span> <span class='ocrx_word' id='word_1_310' title='bbox 302 2907 317 2942; x_wconf 85' lang='lat' dir='ltr'>e</span> <span class='ocrx_word' id='word_1_311' title='bbox 329 2893 404 2944; x_wconf 87' lang='lat' dir='ltr'>oodd.</span> <span class='ocrx_word' id='word_1_312' title='bbox 419 2907 496 2942; x_wconf 87' lang='lat' dir='ltr'>sensu</span> <span class='ocrx_word' id='word_1_313' title='bbox 507 2897 545 2942; x_wconf 84' lang='lat' dir='ltr'>ita</span> <span class='ocrx_word' id='word_1_314' title='bbox 557 2894 723 2956; x_wconf 75' lang='lat' dir='ltr'>postulante!</span> <span class='ocrx_word' id='word_1_315' title='bbox 739 2896 830 2944; x_wconf 81' lang='lat' dir='ltr'>Barth.</span> <span class='ocrx_word' id='word_1_316' title='bbox 866 2897 899 2945; x_wconf 85' lang='lat' dir='ltr'>Et</span> <span class='ocrx_word' id='word_1_317' title='bbox 910 2896 937 2944; x_wconf 92' lang='lat' dir='ltr'>in</span> <span class='ocrx_word' id='word_1_318' title='bbox 948 2911 1016 2946; x_wconf 87' lang='lat' dir='ltr'>omn.</span> <span class='ocrx_word' id='word_1_319' title='bbox 1026 2895 1084 2944; x_wconf 82' lang='lat' dir='ltr'>iere</span> <span class='ocrx_word' id='word_1_320' title='bbox 1103 2893 1180 2944; x_wconf 88' lang='lat' dir='ltr'>codd.</span> <span class='ocrx_word' id='word_1_321' title='bbox 1197 2902 1225 2943; x_wconf 87' lang='lat' dir='ltr'>et</span> <span class='ocrx_word' id='word_1_322' title='bbox 1241 2893 1304 2944; x_wconf 86' lang='lat' dir='ltr'>edd.</span> 
     </span>
     <span class='ocr_line' id='line_1_34' title="bbox 200 2957 1302 3010; baseline 0.002 -4"><span class='ocrx_word' id='word_1_323' title='bbox 200 2957 320 3007; x_wconf 79' lang='lat' dir='ltr'>vetustis.</span> <span class='ocrx_word' id='word_1_324' title='bbox 353 2959 377 3007; x_wconf 85' lang='grc' dir='ltr'><em>Ε</em></span> <span class='ocrx_word' id='word_1_325' title='bbox 388 2959 414 3008; x_wconf 91' lang='lat' dir='ltr'>in</span> <span class='ocrx_word' id='word_1_326' title='bbox 432 2958 518 3008; x_wconf 85' lang='lat' dir='ltr'>Palet.</span> <span class='ocrx_word' id='word_1_327' title='bbox 529 2958 589 3007; x_wconf 85' lang='lat' dir='ltr'>ond.</span> <span class='ocrx_word' id='word_1_328' title='bbox 601 2958 669 3007; x_wconf 82' lang='lat' dir='ltr'>unda</span> <span class='ocrx_word' id='word_1_329' title='bbox 693 2959 777 3008; x_wconf 82' lang='lat' dir='ltr'>Gebir.</span> <span class='ocrx_word' id='word_1_330' title='bbox 796 2961 837 3009; x_wconf 83' lang='lat' dir='ltr'>He</span> <span class='ocrx_word' id='word_1_331' title='bbox 856 2960 969 3010; x_wconf 81' lang='lat' dir='ltr'>scillei.</span> <span class='ocrx_word' id='word_1_332' title='bbox 995 2959 1093 3009; x_wconf 77' lang='lat' dir='ltr'>‘Libb</span> <span class='ocrx_word' id='word_1_333' title='bbox 1112 2974 1182 3008; x_wconf 90' lang='lat' dir='ltr'>omn.</span> <span class='ocrx_word' id='word_1_334' title='bbox 1199 2959 1255 3009; x_wconf 63' lang='lat' dir='ltr'>Eia</span> <span class='ocrx_word' id='word_1_335' title='bbox 1268 2959 1302 3009; x_wconf 80' lang='lat' dir='ltr'>i&#39;e</span> 
     </span>
     <span class='ocr_line' id='line_1_35' title="bbox 202 3023 1302 3087; baseline 0.001 -17"><span class='ocrx_word' id='word_1_336' title='bbox 202 3028 299 3084; x_wconf 83' lang='lat' dir='ltr'>tamen,</span> <span class='ocrx_word' id='word_1_337' title='bbox 310 3023 376 3086; x_wconf 85' lang='lat' dir='ltr'>quoti</span> <span class='ocrx_word' id='word_1_338' title='bbox 387 3037 475 3072; x_wconf 81' lang='lat' dir='ltr'>verum</span> <span class='ocrx_word' id='word_1_339' title='bbox 487 3029 538 3082; x_wconf 85' lang='lat' dir='ltr'>est,</span> <span class='ocrx_word' id='word_1_340' title='bbox 549 3024 629 3072; x_wconf 82' lang='lat' dir='ltr'>Puto.</span> <span class='ocrx_word' id='word_1_341' title='bbox 640 3030 759 3082; x_wconf 81' lang='lat' dir='ltr'>annotat,</span> <span class='ocrx_word' id='word_1_342' title='bbox 774 3023 793 3074; x_wconf 84' lang='lat' dir='ltr'>f.</span> <span class='ocrx_word' id='word_1_343' title='bbox 806 3038 839 3074; x_wconf 87' lang='lat' dir='ltr'>ex</span> <span class='ocrx_word' id='word_1_344' title='bbox 848 3025 925 3074; x_wconf 72' lang='lat' dir='ltr'>vati!</span> <span class='ocrx_word' id='word_1_345' title='bbox 941 3025 1038 3074; x_wconf 74' lang='lat' dir='ltr'>lacim-</span> <span class='ocrx_word' id='word_1_346' title='bbox 1070 3027 1078 3053; x_wconf 78' lang='lat'>⁸</span> <span class='ocrx_word' id='word_1_347' title='bbox 1092 3025 1200 3074; x_wconf 79' lang='lat' dir='ltr'>Rectam</span> <span class='ocrx_word' id='word_1_348' title='bbox 1219 3024 1302 3087; x_wconf 79' lang='lat' dir='ltr'>serip-</span> 
     </span>
     <span class='ocr_line' id='line_1_36' title="bbox 202 3086 1304 3144; baseline 0.003 -9"><span class='ocrx_word' id='word_1_349' title='bbox 202 3091 286 3136; x_wconf 86' lang='lat' dir='ltr'>taram</span> <span class='ocrx_word' id='word_1_350' title='bbox 305 3087 337 3136; x_wconf 79' lang='lat' dir='ltr'>Ts</span> <span class='ocrx_word' id='word_1_351' title='bbox 348 3094 435 3137; x_wconf 81' lang='lat' dir='ltr'>serrat</span> <span class='ocrx_word' id='word_1_352' title='bbox 451 3086 564 3136; x_wconf 75' lang='lat' dir='ltr'>Ferrarii</span> <span class='ocrx_word' id='word_1_353' title='bbox 575 3087 651 3144; x_wconf 85' lang='lat' dir='ltr'>iiber,</span> <span class='ocrx_word' id='word_1_354' title='bbox 663 3095 690 3136; x_wconf 82' lang='lat' dir='ltr'>et</span> <span class='ocrx_word' id='word_1_355' title='bbox 701 3091 852 3138; x_wconf 80' lang='lat' dir='ltr'>restituerat</span> <span class='ocrx_word' id='word_1_356' title='bbox 860 3091 941 3140; x_wconf 77' lang='lat' dir='ltr'>Puro.</span> <span class='ocrx_word' id='word_1_357' title='bbox 953 3090 1010 3139; x_wconf 84' lang='lat' dir='ltr'>sine</span> <span class='ocrx_word' id='word_1_358' title='bbox 1018 3088 1096 3139; x_wconf 89' lang='lat' dir='ltr'>dubio</span> <span class='ocrx_word' id='word_1_359' title='bbox 1107 3103 1141 3137; x_wconf 83' lang='lat' dir='ltr'>ex</span> <span class='ocrx_word' id='word_1_360' title='bbox 1158 3088 1235 3136; x_wconf 82' lang='lat' dir='ltr'>Vali&#39;</span> <span class='ocrx_word' id='word_1_361' title='bbox 1251 3090 1304 3138; x_wconf 78' lang='lat' dir='ltr'>Ad-</span> 
     </span>
    </p>
   </div>
   <div class='ocr_carea' id='block_1_8' title="bbox 200 3151 1304 3316">
    <p class='ocr_par' dir='ltr' id='par_1_8' title="bbox 200 3151 1304 3316">
     <span class='ocr_line' id='line_1_37' title="bbox 200 3151 1304 3218; baseline 0.002 -16"><span class='ocrx_word' id='word_1_362' title='bbox 200 3151 269 3202; x_wconf 64' lang='grc' dir='ltr'>Μ.</span> <span class='ocrx_word' id='word_1_363' title='bbox 280 3151 363 3218; x_wconf 76' lang='lat' dir='ltr'>adsis.</span> <span class='ocrx_word' id='word_1_364' title='bbox 374 3154 411 3202; x_wconf 76' lang='lat' dir='ltr'>ed.</span> <span class='ocrx_word' id='word_1_365' title='bbox 423 3152 510 3202; x_wconf 75' lang='lat' dir='ltr'>Barsa.</span> <span class='ocrx_word' id='word_1_366' title='bbox 520 3154 553 3202; x_wconf 82' lang='lat' dir='ltr'>ad</span> <span class='ocrx_word' id='word_1_367' title='bbox 564 3151 603 3202; x_wconf 81' lang='lat' dir='ltr'>tv.</span> <span class='ocrx_word' id='word_1_368' title='bbox 617 3155 706 3203; x_wconf 78' lang='grc'><strong>11.39.</strong></span> <span class='ocrx_word' id='word_1_369' title='bbox 742 3153 775 3203; x_wconf 80' lang='lat' dir='ltr'>Te</span> <span class='ocrx_word' id='word_1_370' title='bbox 785 3153 848 3204; x_wconf 85' lang='lat' dir='ltr'>dant</span> <span class='ocrx_word' id='word_1_371' title='bbox 860 3155 893 3205; x_wconf 88' lang='lat' dir='ltr'>B.</span> <span class='ocrx_word' id='word_1_372' title='bbox 904 3155 936 3205; x_wconf 83' lang='lat' dir='ltr'>B.</span> <span class='ocrx_word' id='word_1_373' title='bbox 948 3155 980 3204; x_wconf 81' lang='grc' dir='ltr'>Β.</span> <span class='ocrx_word' id='word_1_374' title='bbox 992 3156 1090 3204; x_wconf 75' lang='grc' dir='ltr'><strong>Ι..-56</strong></span> <span class='ocrx_word' id='word_1_375' title='bbox 1107 3153 1198 3202; x_wconf 82' lang='lat' dir='ltr'>Natsis</span> <span class='ocrx_word' id='word_1_376' title='bbox 1206 3153 1304 3204; x_wconf 83' lang='lat' dir='ltr'>venet.</span> 
     </span>
     <span class='ocr_line' id='line_1_38' title="bbox 699 3265 807 3316; baseline 0.009 -1"><span class='ocrx_word' id='word_1_377' title='bbox 699 3265 807 3316; x_wconf 84' lang='lat' dir='ltr'>N0&#39;l&#39;lE</span> 
     </span>
    </p>
   </div>
   <div class='ocr_carea' id='block_1_9' title="bbox 193 3377 1307 4288">
    <p class='ocr_par' dir='ltr' id='par_1_9' title="bbox 198 3377 1306 3598">
     <span class='ocr_line' id='line_1_39' title="bbox 231 3377 1304 3446; baseline -0.002 -18"><span class='ocrx_word' id='word_1_378' title='bbox 231 3381 263 3428; x_wconf 78' lang='grc'>53</span> <span class='ocrx_word' id='word_1_379' title='bbox 279 3377 413 3440; x_wconf 71' lang='lat' dir='ltr'>laurigero</span> <span class='ocrx_word' id='word_1_380' title='bbox 430 3379 530 3440; x_wconf 64' lang='lat' dir='ltr'>smus]</span> <span class='ocrx_word' id='word_1_381' title='bbox 546 3380 672 3442; x_wconf 75' lang='lat' dir='ltr'>Lauriger</span> <span class='ocrx_word' id='word_1_382' title='bbox 691 3379 729 3430; x_wconf 88' lang='lat' dir='ltr'>di·</span> <span class='ocrx_word' id='word_1_383' title='bbox 770 3381 813 3444; x_wconf 84' lang='lat' dir='ltr'>tis,</span> <span class='ocrx_word' id='word_1_384' title='bbox 824 3382 879 3432; x_wconf 88' lang='lat' dir='ltr'>auri</span> <span class='ocrx_word' id='word_1_385' title='bbox 891 3380 1008 3446; x_wconf 85' lang='lat' dir='ltr'>potiundi</span> <span class='ocrx_word' id='word_1_386' title='bbox 1020 3379 1164 3443; x_wconf 83' lang='lat' dir='ltr'>cupiditate</span> <span class='ocrx_word' id='word_1_387' title='bbox 1175 3377 1304 3428; x_wconf 85' lang='lat' dir='ltr'>adductus</span> 
     </span>
     <span class='ocr_line' id='line_1_40' title="bbox 198 3454 1304 3523; baseline -0.001 -17"><span class='ocrx_word' id='word_1_388' title='bbox 198 3457 267 3506; x_wconf 81' lang='lat' dir='ltr'>citur</span> <span class='ocrx_word' id='word_1_389' title='bbox 287 3455 441 3517; x_wconf 86' lang='lat' dir='ltr'>Parnassus,</span> <span class='ocrx_word' id='word_1_390' title='bbox 466 3457 527 3522; x_wconf 84' lang='lat' dir='ltr'>quia</span> <span class='ocrx_word' id='word_1_391' title='bbox 552 3454 579 3505; x_wconf 93' lang='lat' dir='ltr'>in</span> <span class='ocrx_word' id='word_1_392' title='bbox 599 3456 728 3506; x_wconf 81' lang='lat' dir='ltr'>Parnasso</span> <span class='ocrx_word' id='word_1_393' title='bbox 770 3459 926 3523; x_wconf 76' lang='lat' dir='ltr'>Polydorum</span> <span class='ocrx_word' id='word_1_394' title='bbox 945 3458 970 3507; x_wconf 93' lang='lat' dir='ltr'>in</span> <span class='ocrx_word' id='word_1_395' title='bbox 982 3458 1071 3507; x_wconf 88' lang='lat' dir='ltr'>littore</span> <span class='ocrx_word' id='word_1_396' title='bbox 1094 3455 1304 3505; x_wconf 82' lang='lat' dir='ltr'>deambulantem</span> 
     </span>
     <span class='ocr_line' id='line_1_41' title="bbox 199 3531 1306 3598; baseline -0.002 -16"><span class='ocrx_word' id='word_1_397' title='bbox 199 3532 285 3582; x_wconf 87' lang='lat' dir='ltr'>laurus</span> <span class='ocrx_word' id='word_1_398' title='bbox 296 3531 470 3593; x_wconf 84' lang='lat' dir='ltr'>copiosissima</span> <span class='ocrx_word' id='word_1_399' title='bbox 481 3533 604 3586; x_wconf 82' lang='lat' dir='ltr'>nascitur.</span> <span class='ocrx_word' id='word_1_400' title='bbox 770 3535 829 3584; x_wconf 87' lang='lat' dir='ltr'>telis</span> <span class='ocrx_word' id='word_1_401' title='bbox 839 3549 983 3598; x_wconf 74' lang='lat' dir='ltr'>aggressus,</span> <span class='ocrx_word' id='word_1_402' title='bbox 994 3533 1110 3582; x_wconf 87' lang='lat' dir='ltr'>Deorum</span> <span class='ocrx_word' id='word_1_403' title='bbox 1121 3531 1306 3597; x_wconf 86' lang='lat' dir='ltr'>hominumque</span> 
     </span>
    </p>

    <p class='ocr_par' dir='ltr' id='par_1_10' title="bbox 193 3607 1307 4288">
     <span class='ocr_line' id='line_1_42' title="bbox 231 3607 1304 3676; baseline -0.003 -18"><span class='ocrx_word' id='word_1_404' title='bbox 231 3615 262 3658; x_wconf 73' lang='lat'>55</span> <span class='ocrx_word' id='word_1_405' title='bbox 280 3607 361 3676; x_wconf 78' lang='lat' dir='ltr'>Sosius</span> <span class='ocrx_word' id='word_1_406' title='bbox 373 3609 472 3660; x_wconf 76' lang='lat' dir='ltr'>Thracis</span> <span class='ocrx_word' id='word_1_407' title='bbox 483 3607 664 3674; x_wconf 72' lang='lat' dir='ltr'>Polymestoris]</span> <span class='ocrx_word' id='word_1_408' title='bbox 672 3609 729 3658; x_wconf 79' lang='lat' dir='ltr'>Rex</span> <span class='ocrx_word' id='word_1_409' title='bbox 771 3609 868 3660; x_wconf 87' lang='lat' dir='ltr'>irnstra</span> <span class='ocrx_word' id='word_1_410' title='bbox 878 3610 955 3660; x_wconf 86' lang='lat' dir='ltr'>iidem</span> <span class='ocrx_word' id='word_1_411' title='bbox 965 3623 1092 3674; x_wconf 85' lang='lat' dir='ltr'>opemque</span> <span class='ocrx_word' id='word_1_412' title='bbox 1110 3609 1304 3671; x_wconf 86' lang='lat' dir='ltr'>implorantem,</span> 
     </span>
     <span class='ocr_line' id='line_1_43' title="bbox 197 3683 1306 3750; baseline -0.001 -16"><span class='ocrx_word' id='word_1_413' title='bbox 197 3683 385 3735; x_wconf 79' lang='lat' dir='ltr'>fuit&#39;l&#39;braonm</span> <span class='ocrx_word' id='word_1_414' title='bbox 397 3685 574 3749; x_wconf 81' lang='lat' dir='ltr'>Polymestor‚</span> <span class='ocrx_word' id='word_1_415' title='bbox 594 3686 636 3734; x_wconf 86' lang='lat' dir='ltr'>cui</span> <span class='ocrx_word' id='word_1_416' title='bbox 655 3685 729 3734; x_wconf 90' lang='lat' dir='ltr'>initio</span> <span class='ocrx_word' id='word_1_417' title='bbox 770 3686 1036 3750; x_wconf 87' lang='lat' dir='ltr'>occidit‚tumrrioque</span> <span class='ocrx_word' id='word_1_418' title='bbox 1047 3683 1150 3747; x_wconf 84' lang='lat' dir='ltr'>injecit,</span> <span class='ocrx_word' id='word_1_419' title='bbox 1159 3685 1200 3733; x_wconf 85' lang='lat' dir='ltr'>cui</span> <span class='ocrx_word' id='word_1_420' title='bbox 1211 3691 1306 3748; x_wconf 84' lang='lat' dir='ltr'>postea</span> 
     </span>
     <span class='ocr_line' id='line_1_44' title="bbox 196 3759 1306 3826; baseline -0.001 -15"><span class='ocrx_word' id='word_1_421' title='bbox 196 3759 260 3812; x_wconf 89' lang='lat' dir='ltr'>belii</span> <span class='ocrx_word' id='word_1_422' title='bbox 269 3761 374 3825; x_wconf 81' lang='lat' dir='ltr'>Trojani</span> <span class='ocrx_word' id='word_1_423' title='bbox 387 3761 648 3826; x_wconf 82' lang='lat' dir='ltr'>Prinmns‚ineerium</span> <span class='ocrx_word' id='word_1_424' title='bbox 662 3777 729 3812; x_wconf 89' lang='lat' dir='ltr'>oom-</span> <span class='ocrx_word' id='word_1_425' title='bbox 770 3759 1233 3826; x_wconf 71' lang='lat' dir='ltr'>myrtusinorevitsanguineisguttis</span> <span class='ocrx_word' id='word_1_426' title='bbox 1245 3775 1306 3823; x_wconf 88' lang='lat' dir='ltr'>pro·</span> 
     </span>
     <span class='ocr_line' id='line_1_45' title="bbox 197 3835 1306 3901; baseline -0.002 -15"><span class='ocrx_word' id='word_1_427' title='bbox 197 3837 281 3887; x_wconf 84' lang='lat' dir='ltr'>munis</span> <span class='ocrx_word' id='word_1_428' title='bbox 300 3837 504 3888; x_wconf 85' lang='lat' dir='ltr'>Mariisexitunt</span> <span class='ocrx_word' id='word_1_429' title='bbox 523 3846 652 3901; x_wconf 73' lang='lat' dir='ltr'>metuens,</span> <span class='ocrx_word' id='word_1_430' title='bbox 671 3854 729 3888; x_wconf 86' lang='lat' dir='ltr'>cum</span> <span class='ocrx_word' id='word_1_431' title='bbox 769 3850 885 3887; x_wconf 86' lang='lat' dir='ltr'>manans.</span> <span class='ocrx_word' id='word_1_432' title='bbox 917 3835 1306 3886; x_wconf 85' lang='lat' dir='ltr'>Undenonimmeritodicitur</span> 
     </span>
     <span class='ocr_line' id='line_1_46' title="bbox 195 3914 1306 3980; baseline 0 -17"><span class='ocrx_word' id='word_1_433' title='bbox 195 3914 638 3980; x_wconf 72' lang='lat' dir='ltr'>magnoauriponderaPolydorum</span> <span class='ocrx_word' id='word_1_434' title='bbox 649 3916 729 3966; x_wconf 86' lang='lat' dir='ltr'>filium</span> <span class='ocrx_word' id='word_1_435' title='bbox 770 3917 936 3980; x_wconf 85' lang='lat' dir='ltr'>Polymesior</span> <span class='ocrx_word' id='word_1_436' title='bbox 954 3918 1089 3966; x_wconf 76' lang='lat' dir='ltr'>scelestus.</span> <span class='ocrx_word' id='word_1_437' title='bbox 1122 3914 1238 3964; x_wconf 86' lang='lat' dir='ltr'>Eandem</span> <span class='ocrx_word' id='word_1_438' title='bbox 1251 3929 1306 3963; x_wconf 89' lang='lat' dir='ltr'>om·</span> 
     </span>
     <span class='ocr_line' id='line_1_47' title="bbox 195 3989 1307 4058; baseline 0.003 -20"><span class='ocrx_word' id='word_1_439' title='bbox 195 3991 303 4041; x_wconf 82' lang='lat' dir='ltr'>tradidit</span> <span class='ocrx_word' id='word_1_440' title='bbox 314 3991 487 4055; x_wconf 85' lang='lat' dir='ltr'>educandum,</span> <span class='ocrx_word' id='word_1_441' title='bbox 507 3999 630 4058; x_wconf 87' lang='lat' dir='ltr'>tauquam</span> <span class='ocrx_word' id='word_1_442' title='bbox 646 3994 728 4042; x_wconf 73' lang='lat' dir='ltr'>veteri</span> <span class='ocrx_word' id='word_1_443' title='bbox 769 3991 831 4041; x_wconf 87' lang='lat' dir='ltr'>nino</span> <span class='ocrx_word' id='word_1_444' title='bbox 852 3992 985 4041; x_wconf 80' lang='lat' dir='ltr'>historiam</span> <span class='ocrx_word' id='word_1_445' title='bbox 1005 3991 1096 4042; x_wconf 81' lang='lat' dir='ltr'>retulit</span> <span class='ocrx_word' id='word_1_446' title='bbox 1112 3989 1307 4055; x_wconf 79' lang='lat' dir='ltr'>Virg.AEn.rrt.</span> 
     </span>
     <span class='ocr_line' id='line_1_48' title="bbox 196 4068 1163 4134; baseline 0.001 -18"><span class='ocrx_word' id='word_1_447' title='bbox 196 4069 288 4130; x_wconf 83' lang='lat' dir='ltr'>amico,</span> <span class='ocrx_word' id='word_1_448' title='bbox 300 4068 405 4132; x_wconf 87' lang='lat' dir='ltr'>hospiti,</span> <span class='ocrx_word' id='word_1_449' title='bbox 423 4083 570 4134; x_wconf 81' lang='lat' dir='ltr'>generoque</span> <span class='ocrx_word' id='word_1_450' title='bbox 587 4084 642 4119; x_wconf 85' lang='lat' dir='ltr'>stro.</span> <span class='ocrx_word' id='word_1_451' title='bbox 676 4071 727 4119; x_wconf 86' lang='lat' dir='ltr'>Sed</span> <span class='ocrx_word' id='word_1_452' title='bbox 769 4068 889 4118; x_wconf 80' lang='lat' dir='ltr'>ucetiam</span> <span class='ocrx_word' id='word_1_453' title='bbox 899 4068 1163 4119; x_wconf 83' lang='lat' dir='ltr'>Ovid.liietam.xrr.</span> 
     </span>
     <span class='ocr_line' id='line_1_49' title="bbox 194 4142 1305 4212; baseline 0.001 -20"><span class='ocrx_word' id='word_1_454' title='bbox 194 4142 566 4210; x_wconf 62' lang='lat' dir='ltr'>Potymtsroadeteta&#39;rroja,</span> <span class='ocrx_word' id='word_1_455' title='bbox 580 4146 727 4212; x_wconf 82' lang='lat' dir='ltr'>ceterisque</span> <span class='ocrx_word' id='word_1_456' title='bbox 802 4148 834 4194; x_wconf 75' lang='lat'>⁶⁷</span> <span class='ocrx_word' id='word_1_457' title='bbox 852 4143 982 4208; x_wconf 74' lang='lat' dir='ltr'>Eriphyla]</span> <span class='ocrx_word' id='word_1_458' title='bbox 1007 4144 1125 4195; x_wconf 83' lang='lat' dir='ltr'>Diximus</span> <span class='ocrx_word' id='word_1_459' title='bbox 1141 4145 1197 4208; x_wconf 90' lang='lat' dir='ltr'>jam</span> <span class='ocrx_word' id='word_1_460' title='bbox 1223 4159 1305 4208; x_wconf 87' lang='lat' dir='ltr'>snpra</span> 
     </span>
     <span class='ocr_line' id='line_1_50' title="bbox 193 4213 1305 4288; baseline -0.003 -15"><span class='ocrx_word' id='word_1_461' title='bbox 193 4219 249 4273; x_wconf 84' lang='lat' dir='ltr'>iere</span> <span class='ocrx_word' id='word_1_462' title='bbox 258 4222 375 4272; x_wconf 85' lang='lat' dir='ltr'>omnibus</span> <span class='ocrx_word' id='word_1_463' title='bbox 387 4222 487 4273; x_wconf 87' lang='lat' dir='ltr'>Priami</span> <span class='ocrx_word' id='word_1_464' title='bbox 501 4222 590 4273; x_wconf 84' lang='lat' dir='ltr'>liberis</span> <span class='ocrx_word' id='word_1_465' title='bbox 606 4222 726 4274; x_wconf 85' lang='lat' dir='ltr'>interfec·</span> <span class='ocrx_word' id='word_1_466' title='bbox 768 4221 897 4287; x_wconf 84' lang='lat' dir='ltr'>quomodo</span> <span class='ocrx_word' id='word_1_467' title='bbox 908 4222 1043 4288; x_wconf 83' lang='lat' dir='ltr'>Eriphyla,</span> <span class='ocrx_word' id='word_1_468' title='bbox 1055 4213 1208 4286; x_wconf 81' lang='lat' dir='ltr'>Amphiarai</span> <span class='ocrx_word' id='word_1_469' title='bbox 1226 4236 1305 4282; x_wconf 89' lang='lat' dir='ltr'>uxor,</span> 
     </span>
    </p>
   </div>
   <div class='ocr_carea' id='block_1_10' title="bbox 0 0 1464 4784">
    <p class='ocr_par' dir='ltr' id='par_1_11' title="bbox 0 0 1464 4784">
     <span class='ocr_line' id='line_1_51' title="bbox 0 0 1464 4784; baseline 0 2"><span class='ocrx_word' id='word_1_470' title='bbox 0 0 1464 4784; x_wconf 95' lang='lat' dir='ltr'> </span> 
     </span>
    </p>
   </div>
  </div>
 </body>
</html>
