2917 4784
469 373 472 382 '
507 379 576 428 nra.
593 381 647 428 ιιι.
673 383 778 432 nunu.
794 370 848 436 22.
898 389 902 400 ·

121 531 202 610 Qua
217 529 314 594 rudis
329 525 442 609 Argoa
457 533 553 591 natat
575 529 657 591 inter
671 547 757 594 saxa
772 523 928 599 columba

164 631 208 696 In
221 631 343 696 faciem
358 647 467 714 prorae
482 630 584 714 pinus
598 629 720 697 adacta
735 653 855 716 novae3
878 624 881 631 ’

117 734 163 807 Et
176 753 246 818 qna
262 733 382 818 Gygooi
399 732 533 797 visenda
547 735 600 796 est
615 753 675 799 ora
692 735 838 820 Caystri,
1185 742 1227 806 15

158 835 205 899 Et
220 855 289 919 qua
303 841 460 920 septenas
476 841 642 917 temporat
657 836 746 901 unda
759 838 857 918 vias3
914 920 917 926 Ι

121 1005 261 1067 pertastres,
284 1017 330 1066 qum
353 1005 422 1066 purte
439 1001 510 1064 pinus
538 1001 628 1052 inmite
656 1003 681 1054 iu
703 1001 809 1064 formum
827 1003 896 1053 nouis
919 1004 1019 1052 recentia
1040 1007 1161 1052 aurudo
1177 1005 1229 1064 ser·

121 1073 162 1116 tro·
183 1069 248 1116 ieter
266 1071 346 1115 cautes
363 1079 420 1114 cnm
442 1063 544 1115 columbo
560 1067 650 1128 Argoo,
669 1073 693 1116 et
710 1083 756 1131 qao
765 1073 835 1131 porte
855 1069 982 1132 spectando
1003 1071 1039 1118 eu
1052 1068 1119 1130 regio
1132 1071 1228 1134 Caystri

124 1132 224 1197 cyrei,
236 1136 314 1196 etqua
324 1131 403 1180 nuens
414 1130 504 1180 unicus
520 1131 546 1179 iu
562 1137 651 1194 septem
667 1133 757 1184 dirim
774 1147 869 1184 cursum
880 1146 954 1182 snum
976 1134 1127 1191 moderarum·
1145 1141 1228 1184 cuncto

586 1241 769 1264 ΜΙΙΙΟΜ

121 1307 253 1373 aliisque!
271 1308 423 1357 Brenn-lb
440 1309 523 1370 Argea
534 1308 646 1356 voras.
660 1306 723 1355 Ask.
739 1309 828 1358 burm.
849 1312 875 1357 2.
904 1309 1020 1360 Damnat
1029 1311 1119 1361 Borm.
1151 1310 1229 1372 nepo·

122 1375 181 1422 ἀπε
193 1373 333 1422 nututvat.
345 1379 370 1421 5.
404 1373 475 1422 Intro
487 1371 620 1422 nob-14
633 1371 688 1420 Pin.
700 1373 732 1420 oa
740 1386 792 1421 aare
801 1373 930 1436 improbat
938 1376 1028 1424 Borm.
1040 1376 1142 1438 quodiu
1151 1377 1228 1426 Coib.

122 1439 188 1488 etin
198 1451 283 1500 marg.
295 1439 455 1500 adeptu-ln
471 1437 587 1485 ‘Multos
598 1436 712 1484 incertos
724 1443 828 1486 certare
847 1451 927 1549 sager
948 1438 997 1487 boo
1020 1453 1093 1488 versu
1111 1440 1229 1490 vidimus.

124 1502 216 1552 Nostri
235 1502 287 1552 duo
306 1515 364 1550 eum
386 1501 514 1564 Groniug.
535 1514 566 1549 ao
589 1501 663 1548 Borr.
682 1505 710 1548 et
737 1500 819 1549 tribue
837 1501 878 1550 Ge
898 1501 971 1551 bardi
993 1501 1066 1551 libris
1091 1505 1124 1552 tat
1142 1505 1164 1552 si
1182 1520 1230 1567 osu

123 1566 198 1628 edffoe
207 1566 350 1616 exhibent:
369 1565 437 1630 quod
455 1566 463 1614 i
483 1577 540 1614 sum
552 1566 579 1614 in
590 1575 637 1613 suo
648 1572 781 1626 repertum
791 1565 910 1629 Scaliger
918 1568 1030 1618 mutarit
1058 1568 1084 1616 in
1101 1567 1231 1630 qudeim

122 1631 281 1682 lavossiua
301 1629 379 1678 Obse.
399 1629 425 1678 Ιιι
477 1631 542 1677 eiam
561 1628 706 1690 reponebat
725 1629 798 1678 Etsi
818 1645 863 1693 qao
892 1628 1002 1695 ortygii.
1035 1629 1107 1681 Nibii
1126 1640 1231 1696 poterat

122 1695 232 1744 meiius:
251 1703 374 1745 ettamen
386 1694 411 1742 in
426 1694 504 1743 Notis
515 1693 547 1742 ad
560 1693 691 1743 Catuiium
701 1693 836 1744 substituit
850 1695 918 1743 Etsi
932 1711 978 1759 pau
999 1695 1118 1760 Ptrpgtt.
1151 1697 1228 1746 Veros

124 1761 187 1809 ieet.
206 1759 320 1823 vestigia
341 1758 405 1808 satis
422 1758 494 1808 olera
504 1762 640 1808 servarunt
656 1757 740 1824 Regu.
760 1757 793 1808 Et
804 1759 883 1836 eipso
893 1759 1008 1822 oemio,-
1024 1759 1229 1825 (nudemsnavit

126 1831 275 1874 eeterornm
286 1822 315 1873 rb
325 1825 399 1885 origo
407 1823 430 1885 ,·)
446 1830 488 1873 est
499 1831 528 1873 et
538 1823 625 1872 inuno
637 1823 750 1934 Off*
758 1823 826 1887 qnod
843 1837 927 1887 ipsum
936 1837 988 1874 nou
1000 1826 1108 1875 multam
1119 1826 1229 1875 abludit.

127 1887 652 1952 Etiameditiopriureps,eteiproxima
688 1888 1015 1952 enoratistarum
1027 1889 1130 1952 ouria.
1163 1890 1230 1939 lude

126 1954 199 2003 vides
212 1954 320 2016 pauluia
331 1953 475 2003 mutatione
484 1951 542 2010 eliel
553 1951 663 2016 ortygii,
670 1959 720 2015 qno
732 1951 808 2002 modu
825 1952 929 2002 omniuo
945 1953 998 2016 legi
1015 1953 1103 2004 debat.
1136 1955 1229 2005 Eaeob.

125 2018 265 2081 spanhem.
276 2015 357 2068 Obus.
370 2017 395 2065 in
403 2017 555 2066 Callimachi
567 2017 695 2080 Hymnus,
704 2017 807 2066 solicita
826 2030 889 2067 uara
909 2019 1041 2070 examinat
1056 2020 1125 2069 buno
1144 2019 1153 2067 i
1174 2034 1230 2068 som

125 2082 217 2132 Potinae
228 2081 312 2132 nostri
332 2081 426 2140 ioouru,
437 2097 463 2146 p.
479 2087 537 2132 8⁰5.
553 2095 609 2144 sqq.
628 2079 757 2144 offertque
779 2083 873 2131 multas
895 2083 1021 2143 rationes,
1040 2097 1087 2133 eur
1101 2035 1230 2148 Scassgeri

126 2145 259 2210 quadriga,
279 2147 417 2210 Vossiiqne
433 2147 473 2195 rei
495 2145 604 2209 Phrygii
621 2147 662 2195 rei
678 2145 780 2210 Ortygie·
796 2160 847 2196 non
866 2148 951 2211 possit
964 2146 1123 2208 admittere,
1139 2149 1230 2199 doctas

126 2209 245 2274 profecto
253 2217 333 2276 atque
346 2219 446 2261 acutas.
479 2211 545 2262 Quae
553 2210 658 2259 modern
669 2223 702 2258 eo
714 2211 834 2273 redeant,
845 2220 884 2270 ot,
895 2213 916 2261 si
924 2213 1085 2276 conjectoris
1096 2214 1131 2263 sit
1148 2214 1230 2275 loeus,

125 2275 193 2326 iilam
206 2276 299 2339 Lipsii,
315 2273 408 2340 eyguoei
426 2275 523 2339 Caystri
544 2274 703 2338 repooeutb,
720 2275 824 2325 omnino
843 2275 902 2326 aliis
920 2278 1049 2340 potiorem
1069 2278 1230 2337 arbitretnu;

127 2348 171 2391 aut
185 2341 473 2406 receptanteotionern
484 2340 643 2404 Gygoeiioco
661 2353 714 2388 non
732 2340 886 2392 movendam
904 2349 990 2405 potet.
1024 2343 1102 2395 Quod
1120 2343 1142 2392 si
1157 2343 1230 2393 istud
1321 2357 1324 2370 ·

130 2406 219 2470 aegea·
233 2405 259 2454 Ιιι
271 2407 324 2454 ιιΙΙο
338 2417 447 2466 osquam
458 2411 549 2454 vetere
561 2404 627 2453 iibro
638 2411 812 2468 compareret,
823 2419 900 2455 cansa
909 2406 979 2456 nulia
993 2414 1065 2456 esset
1074 2421 1155 2472 quare
1169 2407 1231 2458 re‘i·

128 2483 262 2520 ueremur:
280 2471 325 2519 red
338 2469 447 2534 primurn
459 2476 499 2519 est
507 2473 673 2532 conspectum
682 2467 709 2518 iu
723 2468 809 2520 Volso.
819 2473 844 2519 2.
853 2471 877 2520 b.
885 2485 910 2520 e.
923 2477 993 2521 totos
1004 2485 1086 2521 annos
1104 2423 1231 2521 tredeul'm

128 2541 188 2598 post
199 2533 332 2600 principes
343 2533 403 2584 edd.
423 2547 480 2600 quae
510 2547 621 2582 amaon
644 2532 750 2596 seriptis
773 2535 847 2584 tibris
868 2533 931 2584 nibil
953 2534 1067 2586 abibant.
1100 2535 1173 2586 Nota
1190 2543 1231 2585 est

132 2603 215 2648 eutero
227 2599 282 2662 bnj.
301 2597 411 2648 bominis
440 2597 579 2646 temeraria
598 2597 717 2658 andacia,
738 2597 841 2661 quidvis
860 2599 1047 2661 quovismodo
1070 2597 1232 2662 retingentin

132 2664 271 2728 usquehuc
287 2663 347 2713 loeo
357 2663 398 2712 uel
407 2661 514 2710 uerboio
525 2675 577 2710 ouo
589 2661 738 2717 iodioanns,
748 2662 817 2710 nude
827 2662 942 2710 baaserit
952 2673 1025 2710 suum
1040 2661 1144 2725 appot:
1160 2663 1230 2726 quod

132 2733 218 2777 tameo
227 2725 327 2777 saeuum
339 2725 488 2789 oportebat,
499 2724 541 2774 ubi
556 2739 570 2773 e
582 2725 645 2772 leot.
658 2725 714 2788 jarn
726 2733 834 2785 reoopta
851 2723 1049 2774 discutiebatur.
1083 2724 1172 2790 Atque
1183 2726 1231 2776 boe

130 2805 162 2841 ue
172 2793 257 2855 'gratis
269 2791 390 2852 dixerim,
405 2803 467 2840 eeeo
475 2791 533 2852 ipsa
543 2789 633 2838 Voisei
650 2787 745 2838 verbs:
769 2790 852 2838 ‘Atei
873 2803 920 2852 qao
933 2789 1018 2851 origo.
1050 2789 1135 2839 Looos
1160 2804 1231 2840 meu·

131 2856 187 2906 darn
198 2856 289 2916 babet,
303 2869 379 2918 qoam
395 2855 431 2904 ita
452 2854 629 2918 castigandam
646 2867 752 2914 censeo,
769 2853 806 2902 Et
820 2867 870 2916 pso
887 2853 977 2918 (ἔφη.
1010 2853 1063 2903 nnt
1081 2855 1171 2917 mend,
1187 2855 1231 2904 siti

129 2921 241 2982 derigere·
262 2919 367 2982 legend.
384 2925 597 2984 pritarout3'nou
622 2915 727 2980 piao'etss
762 2917 898 2968 Habemus
917 2917 1085 2968 confitentem
1108 2931 1189 2982 reum,
1204 2929 1232 2968 et

130 2986 203 3034 simui
229 2987 362 3048 antiquam
383 2985 538 3048 scriptoram
562 2990 753 3041 uonoeoeuteur.
796 2983 896 3032 Tamen
915 2983 1039 3032 Volscum
1060 2983 1162 3046 Lipsius
1178 2999 1229 3034 oon

130 3051 245 3098 rideret:
264 3048 519 3113 itaquoBeroaidnm
533 3048 681 3097 audiemus:
700 3046 801 3109 ‘Gygei
822 3060 865 3096 ore
884 3047 985 3096 causo.
1018 3046 1122 3096 Caister
1138 3047 1232 3098 fluuios

131 3121 170 3163 est
178 3113 269 3178 Lydia
278 3112 402 3162 Sardibus
415 3113 556 3177 proximos,
576 3127 592 3160 a
608 3125 659 3174 quo
681 3109 778 3160 dieitur
794 3111 955 3169 Caiatrisuus
970 3126 1087 3176 campus.
1121 3114 1232 3176 Gygam

130 3179 295 3242 cognominat
307 3177 393 3228 Poiita
404 3193 419 3228 a
430 3179 522 3242 Gygeo
534 3177 591 3225 inea
603 3175 687 3238 ejusd.
699 3175 821 3240 regionis,
837 3177 882 3241 qui
898 3177 949 3226 aito
966 3177 1071 3226 nomine
1087 3176 1173 3226 dietus
1191 3188 1232 3227 est

131 3243 233 3293 Cotoue.
250 3243 389 3292 Inretust.
400 3242 458 3292 eod.
476 3241 583 3304 tegimus
594 3241 707 3302 olorigeri
716 3254 725 3286 .·
740 3240 808 3305 qood
820 3253 871 3290 noo
890 3240 1029 3305 displicet,'
1041 3245 1090 3290 &o
1124 3241 1173 3290 His
1190 3242 1230 3290 iu·

133 3309 224 3358 doctus
235 3307 445 3357 adolescentulus
458 3306 562 3370 Lipsius
573 3305 664 3368 oyguoei
677 3304 770 3354 Goistri
787 3304 929 3369 reponebat
937 3319 958 3355 1.
971 3305 1116 3355 vaulect
1125 3309 1150 3355 2.
1160 3307 1231 3370 quod

135 3385 196 3437 opus
208 3373 247 3422 uir
258 3371 342 3422 faetus
353 3371 456 3421 abolere
467 3371 559 3434 votuit,
569 3383 618 3420 neo
635 3371 729 3434 potnit.
762 3368 887 3420 Videmus
906 3371 996 3435 itaque
1013 3369 1038 3418 in
1058 3382 1110 3434 qua
1128 3369 1232 3421 officina

626 3493 736 3544 NOTAE

164 3587 195 3634 li
211 3581 422 3648 Argoo‘ootaurbo]
434 3583 600 3647 Argonautas
608 3597 660 3633 mo·
703 3590 776 3632 trans
796 3583 940 3646 Bosporum
962 3579 1099 3632 Thracium
1121 3582 1148 3631 in
1173 3583 1231 3647 ipso

134 3668 225 3710 nuerat
241 3659 367 3723 Phineus,
383 3668 412 3710 ut
421 3657 573 3720 columbam,
584 3673 661 3724 quarn
702 3657 783 3708 Ponti
796 3657 891 3706 Euxini
902 3657 1028 3720 ingressu.

133 3735 193 3798 ipris
204 3736 322 3799 dederat,
333 3736 383 3786 viar
395 3735 489 3785 ducem
501 3735 533 3784 ad
544 3735 662 3798 Synrpie-
735 3738 767 3782 1⁴
784 3733 814 3782 lu
825 3731 917 3794 sociem
927 3747 1005 3796 proroe
1015 3733 1094 3797 uooae]
1112 3733 1233 3784 Omnium

135 3811 211 3874 gadas
229 3812 323 3860 insutas
349 3811 509 3873 emitterent,
530 3825 605 3874 qnam
628 3811 662 3859 ab
702 3825 814 3875 usuique
830 3811 935 3860 navium
950 3811 1035 3874 prima
1048 3810 1131 3862 tuisse
1139 3813 1235 3862 dieitur

136 3885 204 3949 Argo
222 3887 282 3936 naui
314 3894 393 3937 vocat
416 3886 526 3950 Argoaur
549 3888 662 3951 Proper·
703 3887 785 3950 Argo.

136 3961 194 4010 tius.
214 4005 219 4010 .
735 3969 766 4013 tu
785 3963 874 4028 Gygoei
894 3965 1004 4028 Caystri]
1020 3963 1234 4029 Caysterbovius

148 4035 232 4087 ‘Inter
241 4035 315 4101 saxo]
334 4037 662 4103 Symplegades,seuCya·
703 4045 745 4088 est
764 4040 865 4104 Lydio,
887 4043 931 4106 qni
960 4040 1056 4090 dicitur
1079 4043 1194 4104 cygnos
1218 4053 1234 4086 a

138 4119 190 4162 nen
201 4114 292 4164 insulae
305 4119 377 4176 sunt,
387 4129 444 4178 quiue
457 4113 545 4177 prount
556 4113 661 4164 visenti·
703 4111 787 4179 Gyge,
797 4115 925 4180 Lydorum
935 4115 1064 4181 quondam
1074 4129 1146 4177 rege,
1156 4129 1171 4162 a
1182 4121 1237 4180 quo¹

140 4186 183 4236 bas
209 4195 339 4254 apparent
365 4194 456 4238 cautes
484 4191 536 4238 sive
564 4191 662 4255 scopuli
703 4189 1232 4256 etiam‘iacueGygraus'Eieg.ll.bojus

138 4263 200 4314 iuter
218 4281 245 4318 se
263 4271 459 4318 concurrentes.
492 4267 557 4317 Sunt
576 4273 662 4319 autem
702 4269 771 4320 iibri.
787 4267 992 4332 Sardes,urberu
1006 4265 1232 4332 Lydiaenobilissb
