2917 4784
150 435 152 440 '
233 435 299 500 816
565 452 594 499 s.
619 447 1011 500 accucurrerunt

165 595 172 604 '
235 578 365 676 Fugisti
380 600 489 659 lamen
506 591 659 657 intimidi
675 609 763 674 rega
776 589 915 654 flumina
929 587 1020 653 Nili:

278 695 454 779 Accepere
468 702 534 760 tuae
551 693 699 758 Romula
716 692 828 756 vincla
842 710 972 756 munus.

233 797 380 863 Brachia
395 796 548 882 spectavi
560 797 666 861 sacris
681 794 836 858 admorsu
854 793 1013 868 colubria,

276 897 321 963 Et
335 897 462 962 trahere
477 898 644 962 occultum
660 895 808 959 membra
821 893 954 977 soporis
967 895 1042 958 iter.

234 1001 314 1067 Nun
327 999 414 1077 haec,
429 999 552 1078 Reme,
573 999 639 1064 fuit
653 1004 746 1064 tanto
761 998 823 1062 tibi
838 997 913 1061 cire
928 995 1085 1072 verenda,
1295 994 1339 1059 ⁵5

275 1101 351 1167 Nec
365 1099 460 1166 ducis
474 1101 613 1166 assiduo
626 1101 740 1183 lingue
754 1101 890 1184 sepulte
901 1117 1004 1162 ruere.

226 1267 320 1331 mi
329 1269 356 1318 ἕ·
366 1273 484 1347 ΜΨ
495 1269 666 1350 WRNW
674 1271 791 1349 inlelliu
808 1276 907 1335 taaqne
915 1270 1140 1344 maureceperast
1148 1269 1246 1342 cums
1254 1263 1340 1313 Resta-

231 1329 1340 1464 demulcerem&

690 1506 873 1526 mnu

230 1589 307 1640 Borr.
319 1589 391 1640 Lcirl.
405 1589 539 1642 Heiusiau.
568 1591 645 1640 Nolui
666 1590 770 1652 reliqui,
788 1603 847 1638 cum
866 1587 1054 1638 vetustioribus
1071 1586 1132 1636 edd.
1152 1585 1230 1652 idque
1249 1585 1338 1649 placet

231 1653 349 1718 Gnyeto,
364 1655 576 1704 Brenklt.Burnr.
590 1663 617 1704 et
628 1655 692 1704 dant
705 1656 735 1704 B.
752 1655 784 1703 B.
801 1655 833 1703 B.
845 1653 941 1703 lt-te
959 1651 1080 1715 Capiada
1087 1650 1113 1711 s.
1124 1651 1191 1699 Bou.
1210 1651 1280 1712 Rape
1290 1663 1338 1711 pre

230 1733 289 1782 cnpe
311 1720 368 1767 vult
390 1717 481 1768 Heius.
526 1717 573 1768 Sed
599 1735 632 1767 ru.
653 1719 754 1768 Gueru.
777 1718 889 1769 Mentel.
907 1717 983 1766 Vuaa.
1002 1716 1080 1766 Berr.
1128 1717 1162 1764 lit
1186 1729 1220 1764 at.
1245 1713 1338 1764 Burni.

232 1787 256 1831 1.
290 1783 417 1844 Rapienda
436 1783 548 1832 Mertai.
576 1783 654 1847 Vulg.
677 1791 766 1832 tuetur
790 1783 879 1831 Burnr.
915 1779 1054 1843 liiusnplss
1070 1779 1273 1829 reddeat—⁶⁰
1287 1777 1338 1827 ‘In

229 1844 355 1909 ,quibusd
380 1845 496 1896 liberat
517 1849 621 1910 uam,
644 1847 712 1910 qnod
734 1846 794 1897 eod.
813 1847 916 1895 tendite
944 1853 1031 1896 tamen
1054 1844 1140 1908 poeta
1156 1840 1261 1892 ‘diens’
1280 1840 1338 1892 iere

231 1918 327 1960 uetant
344 1923 442 1974 genera
453 1912 593 1976 nequiere!
611 1912 721 1962 Broulri.
753 1912 875 1972 ‘uem
895 1911 957 1973 ling.
979 1910 1051 1974 [Nea
1070 1941 1077 1956 .
1093 1907 1166 1957 leid.
1182 1911 1208 1958 8.
1219 1907 1293 1956 Vuss.
1314 1911 1337 1955 1.

233 1977 259 2024 8.
272 1975 372 2024 Durrr.
390 1975 516 2038 Burnum]
546 1977 595 2026 Ed.
641 1990 663 2024 r.
682 1990 741 2025 cum
759 1976 835 2025 Bria.
853 1975 950 2024 venet.
988 1983 1054 2023 cett.
1093 1973 1177 2021 rniunr
1202 1971 1341 2021 accurate!

234 2037 325 2088 Barea
357 2038 466 2102 bnans
484 2039 549 2090 daut
569 2041 602 2090 B.
623 1991 655 2090 ii.
675 2040 708 2092 B.
730 2041 821 2090 h-dl
840 2040 954 2090 ‘lucidi
970 1977 1056 2089 balat.
1067 2038 1098 2087 C.
1118 2037 1191 2088 coar.
1203 2034 1272 2100 quud
1283 2049 1334 2084 nen

230 2102 313 2152 estde
331 2103 419 2152 nihile.
457 2104 571 2168 Egregie
592 2106 715 2155 convenit
737 2112 765 2154 et
783 2109 884 2153 natarre
905 2103 960 2153 Nili
981 2110 1011 2152 et
1030 2101 1159 2165 anperbioe
1178 2100 1336 2164 cleopatre.

234 2167 301 2216 Vnda
320 2167 379 2216 ced.
399 2166 487 2218 Palat.
509 2167 616 2219 Dread.'
640 2169 732 2219 Barth.
770 2168 888 2218 ‘ssatus
909 2167 1021 2217 Mentel.
1042 2165 1116 2216 leid.
1135 2170 1161 2216 8.
1180 2165 1257 2214 Voss.
1273 2168 1296 2213 l.
1310 2169 1336 2215 8.

230 2229 358 2294 Gruulng.
369 2231 467 2281 Derrr.
479 2240 506 2284 et
514 2234 579 2284 ruci:
593 2235 660 2298 qnod
671 2233 820 2282 Pasaerstiu
830 2233 967 2297 probatum
976 2230 1036 2290 fuit,
1046 2237 1075 2280 st
1083 2230 1174 2279 Medic
1185 2230 1211 2277 iu
1220 2231 1336 2279 Norant.

229 2295 279 2359 Ep.
289 2307 373 2345 xvrrr.
385 2310 411 2359 p.
422 2300 462 2346 ⁸⁴.
479 2297 525 2348 aed
538 2297 619 2348 timidi
631 2299 657 2347 in
670 2298 767 2347 ceteris
778 2297 841 2346 llas.
852 2312 884 2347 ac
893 2297 1003 2346 vetustis
1014 2294 1075 2345 edd.
1085 2295 1156 2359 qnod
1173 2293 1337 2357 elegantium

230 2366 258 2409 et
275 2359 404 2410 hucrecte
416 2361 555 2412 vindicavit
566 2362 681 2412 Bruulrlr.
710 2362 842 2424 corrupte
861 2363 922 2410 rada
941 2361 1053 2412 Mentet.
1073 2359 1159 2423 Neap.
1180 2359 1247 2408 Vnae
1258 2357 1335 2408 Vera.

229 2427 254 2472 8.
276 2423 459 2484 ΥαςανεΙιιυα
480 2427 582 2490 legend.
602 2427 762 2490 ascripserat
773 2425 874 2475 Frauc'
887 2427 973 2475 Bursa.
997 2425 1059 2474 uin.
1073 2423 1138 2472 daut
1148 2424 1180 2471 B.
1190 2421 1335 2472 B.B.'L.—

229 2491 261 2536 dil
282 2487 381 2538 Vincula
394 2489 469 2539 Rom
481 2489 546 2540 aaa.
565 2493 629 2541 liras
640 2492 705 2555 llep.
715 2496 740 2541 8.
757 2490 896 2553 Neerepere
905 2488 1002 2538 lilarlrl.
1014 2494 1042 2537 et
1052 2489 1163 2538 alterurn
1173 2484 1335 2538 t'alsurneste

229 2557 374 2602 nouvarai.
391 2554 470 2618 linig.
479 2563 569 2606 tuetur
580 2557 736 2605 Burin-dd
744 2554 864 2617 Marti
874 2554 972 2603 Markl.
990 2554 1108 2603 Alterum
1118 2548 1236 2600 defendit
1243 2551 1334 2601 Burin.

228 2615 329 2665 Am
349 2617 476 2683 Grunlug.
501 2623 594 2669 Δανα
616 2620 708 2670 Heius.
729 2620 800 2684 qued
816 2625 908 2683 pestes
919 2618 1021 2682 rejecit,
1036 2623 1065 2667 et
1083 2619 1148 2666 ndat.
1162 2615 1283 2679 probarit
1299 2615 1334 2666 ad

229 2679 296 2731 Veli.
309 2695 340 2732 rr.
348 2685 391 2733 87.
408 2683 462 2746 ubi,
471 2683 508 2733 ait
519 2687 605 2734 Burni.
615 2685 663 2734 linc
675 2683 700 2732 iu
709 2697 749 2733 rs.
769 2685 869 2734 Pectora
885 2683 952 2732 ursle
963 2681 1061 2731 editnrn
1073 2689 1122 2741 est,
1138 2680 1335 2743 nislacriptur·

229 2745 318 2794 vitium
331 2747 375 2796 sit.
394 2747 447 2797 Pru
458 2749 533 2798 rueris
546 2748 676 2798 Bernsldo
689 2749 820 2810 placuisse
869 2749 874 2759 “
896 2756 986 2796 censet
997 2747 1085 2795 Burni.
1097 2744 1140 2809 qni
1152 2745 1222 2806 vala.
1235 2750 1332 2794 tuetur.

227 2814 301 2858 -88,
309 2813 342 2858 88
363 2810 436 2860 ‘Noa
446 2812 490 2860 lec
500 2813 599 2863 Palati.
609 2812 682 2861 Brix.
696 2811 780 2861 Colin.
826 2826 870 2860 ase
880 2810 1025 2859 laee'Palm.
1038 2817 1111 2858 etrs.
1121 2813 1162 2858 88.
1184 2808 1268 2859 veit.-
1285 2808 1333 2858 sed

228 2870 345 2923 lbicrnu.
367 2872 499 2924 l'erelibb.
518 2884 583 2926 rett.
600 2875 768 2926 Dixitetrrss.
807 2874 838 2923 ln
867 2874 968 2923 uibnsd.
987 2873 1166 2926 tarueulibrr.
1186 2872 1332 2922 Passeratll

228 2944 285 2985 erat
299 2937 331 2986 et
341 2939 417 2998 ducit,
425 2939 492 3003 qnod
504 2941 541 2990 ita
551 2939 646 3008 probat
657 2948 687 2988 ut
698 2955 746 3003 pro
756 2941 790 2989 itt
800 2889 931 2988 scriisatur
942 2939 1002 2998 Nec,
1033 2938 1144 2987 ucurcdc
1154 2943 1183 2987 et
1191 2939 1226 2987 t).
1239 2937 1331 2987 Heius.

229 3000 348 3064 lraebst3
373 3003 420 3052 aad
435 3005 489 3067 ejus
506 3003 576 3054 filins
596 3003 710 3054 malebat
731 3004 860 3066 Vinctaque
877 3008 900 3051 et
912 3017 959 3052 usa.
971 3003 1006 3052 N.
1015 2953 1096 3066 arcp.
1122 3000 1328 3052 sceldunea

228 3064 339 3116 Advers.
352 3080 376 3129 p.
385 3071 425 3117 89.
443 3069 525 3132 patris
537 3069 675 3118 sententie
695 3067 851 3128 subscribit3
874 3067 900 3116 in
918 3080 970 3130 qna
980 3073 1008 3117 et
1020 3066 1137 3116 llrculrh.
1153 3073 1181 3116 et
1192 3066 1272 3129 Valp.
1282 3079 1328 3116 ac·

227 3130 364 3191 quiescunt
375 3145 433 3180 curu
449 3131 533 3182 Gerr!
553 3133 640 3182 Bartlt.
672 3133 747 3182 ‘Nes
757 3133 850 3182 laeli.
866 3130 919 3191 fuit
932 3132 985 3180 Nec
1003 3131 1077 3180 dacia
1102 3131 1145 3180 ita
1160 3130 1331 3181 sanitatisuoe

227 3193 312 3244 lucum
324 3195 349 3243 lr.
370 3197 541 3248 restituerunt
552 3197 610 3246 VV.
623 3197 687 3248 DD.
724 3198 778 3246 Noa
792 3197 833 3246 lter
846 3197 876 3245 R„
889 3195 932 3255 ssi
943 3197 1017 3245 Perr.
1030 3210 1086 3245 uc.
1104 3195 1216 3245 ldeutel.
1234 3193 1334 3245 vata.

228 3257 313 3322 Neup.
337 3259 392 3308 Hoc
409 3261 488 3308 etiam
505 3262 581 3312 Burr.
593 3262 675 3325 Repg.
688 3261 819 3311 Cclbertt.
839 3261 913 3310 Laid.
925 3266 950 3310 l.
966 3267 1020 3308 tres
1034 3259 1110 3309 Vesa-
1123 3259 1221 3309 Durvr.
1233 3265 1260 3308 et
1270 3260 1331 3310 urei.

227 3321 367 3372 Alterura.
379 3337 516 3389 perperam
527 3339 630 3391 qunque
643 3325 677 3377 id.
688 3325 765 3376 codd.
777 3332 805 3374 et
814 3323 889 3374 Harl.
900 3339 959 3374 curu
971 3325 1064 3389 priscis
1075 3323 1136 3374 edd.
1144 3324 1221 3374 Dixit
1230 3328 1271 3374 et:
1282 3323 1331 3375 sed

720 3437 829 3490 NOTAE

257 3535 286 3580 81
306 3531 404 3596 Frgirll
421 3535 511 3600 tamea]
526 3535 756 3610 Cleopatrampri·
828 3541 860 3586 88
877 3536 985 3586 Brachia
999 3536 1107 3585 admorsa
1122 3531 1233 3598 mebris]
1261 3535 1329 3585 Cutu

225 3622 292 3658 nraru
310 3623 369 3660 cunr
388 3617 429 3662 80.
442 3612 548 3662 navibus
564 3611 704 3676 arripuisse
715 3611 755 3661 in·
797 3613 882 3677 perire
901 3610 1034 3662 statuisset
1060 3611 1211 3675 Cleopatra,
1231 3609 1330 3660 dicitur

223 3697 281 3744 pam
293 3697 326 3733 ex
345 3683 456 3737 Actiaco
466 3687 564 3750 prelio,
579 3693 697 3738 neutram
710 3687 755 3736 ad·
795 3686 912 3752 aspidem
944 3686 1088 3736 amovisse
1113 3686 1226 3750 brachie,
1252 3684 1327 3747 cujus

223 3757 274 3807 lruc
293 3759 319 3808 in
349 3770 448 3823 partem
470 3763 611 3812 inclinante
637 3763 755 3826 ris-teria,
794 3778 880 3813 mersu
891 3777 1041 3828 venenoque
1055 3763 1172 3813 extincta
1181 3770 1230 3814 eat.
1263 3763 1330 3814 Plu-

223 3841 312 3884 uarret
336 3835 501 3890 Plutarchus.
538 3837 666 3889 Antonius
689 3854 754 3890 reru
794 3839 971 3889 tarchusreru
990 3837 1072 3890 refert
1082 3839 1109 3890 in
1122 3838 1239 3892 Antonio
1250 3839 1330 3891 Cleu-

224 3923 285 3958 urea
303 3925 361 3960 esur
378 3919 483 3962 secutus
502 3913 637 3964 victoriam
649 3915 755 3978 reliquit
793 3921 877 3978 patrat
887 3913 997 3978 effigiem
1009 3915 1113 3965 ductam
1131 3916 1156 3964 in
1169 3914 1326 3979 triumphurn

223 3981 350 4048 Auguste.
792 3991 939 4044 fuissecurn
948 3995 1327 4058 aspidemcrdicusinlrareuts

254 4067 287 4112 ⁵2
305 4066 420 4128 Accepere
431 4065 530 4116 Romule
540 4066 628 4130 einch]
651 4065 709 4115 Nun
719 4066 754 4116 de
792 4071 847 4134 ejus
859 4070 982 4133 brachi03
999 4073 1158 4138 quodetiam
1170 4072 1324 4138 Propertius

221 4137 279 4199 ipsa
290 4141 431 4205 Cleopatra
441 4141 507 4192 dicit
522 4143 570 4192 lroc
591 4141 754 4206 Propertius,
792 4145 840 4195 lrcc
848 4146 906 4197 leco
916 4154 1063 4198 testaturaa
1075 4148 1177 4198 vidisse.

222 4213 269 4261 sed
288 4214 321 4265 de
342 4217 397 4282 ejus
419 4215 514 4280 effigie,
530 4232 605 4280 quarn
622 4217 648 4265 iu
664 4217 751 4266 trium·
823 4227 857 4271 88
874 4223 1000 4274 Necducis
1009 4223 1114 4288 muso]
1130 4225 1165 4274 H.
1176 4239 1262 4276 enen
1274 4226 1324 4278 tibi

218 4293 750 4365 ppurnduretamsuprascribitniolibar.
790 4298 929 4349 metuenda
937 4298 986 4352 init
1005 4302 1154 4365 Cleopatra,
1171 4315 1256 4366 neque
1274 4303 1323 4354 lin·
